2392 4050
1027 13 1066 40 Ὗ
1134 18 1172 83 H

135 180 179 248 48
485 177 803 246 G.Gonu.Tacrr1
956 179 1136 269 [A.U.822·

134 350 210 417 dere
225 351 374 419 vetitum:
396 351 543 435 precibus
554 361 585 417 et
595 351 672 438 igne
682 370 764 436 puro
778 351 891 416 altaria
899 350 1070 431 adolentur,
1080 368 1135 414 nec

134 439 213 504 ullis
226 439 390 517 imbribus,
398 457 583 520 quanquam
593 438 628 502 in
639 448 755 523 aperto,
767 436 964 508 madescunt.
1007 436 1136 503 Simula-

135 544 228 589 crum
247 525 325 590 Deae
344 542 410 589 non
425 522 529 608 effigie
552 524 710 589 bumana:
733 524 909 588 continuus
927 522 1013 587 orbis
1033 523 1134 587 latiore
1159 562 1162 570 -

133 610 226 675 initio
239 620 370 676 tenuem
383 609 418 673 in
432 609 596 692 ambitum,
611 618 703 675 mete
716 607 821 690 modo,
834 627 1029 699 ensurgens:
1049 617 1079 672 et
1093 627 1135 672 ra·

133 695 179 761 tio
193 696 228 760 in
242 697 388 760 obscuro.

93 827 104 852 s
176 781 232 846 IV.
255 782 353 846 Titus
367 778 1134 866 spectatdopulentiddonisqueRegumqumque

133 866 198 932 alia
211 867 322 932 latum
335 866 575 950 antiquitatibus
589 868 777 932 Graecorum
786 884 888 953 genus
898 864 1028 929 incerte
1037 873 1134 929 vetus

133 953 190 1016 tati
211 951 343 1038 affingit,
366 951 423 1015 ‘de
446 950 657 1038 navigatione’
680 950 819 1035 primirm
839 951 1012 1015 consuluit
1053 950 1134 1036 Post·

132 1056 230 1119 quam
245 1036 362 1120 ‘pandi
375 1037 463 1102 viam
483 1047 515 1101 et
529 1055 616 1101 mare
631 1037 826 1121 prosperum’
840 1036 971 1119 accepit,
983 1034 1025 1099 de
1039 1041 1078 1100 se‘
1084 1050 1134 1117 per

132 1124 281 1208 ambages
289 1123 470 1209 interrogat,
485 1122 574 1186 caesis
585 1123 805 1207 compluribus
816 1120 938 1185 hostiis.
981 1121 1134 1186 Sostratus

132 1207 327 1295 (Sacerdotis
340 1207 374 1271 id
394 1227 513 1273 nomen
532 1209 613 1295 erat)
627 1208 682 1274 ubi
696 1210 770 1273 laeta
787 1217 820 1271 et
836 1209 1047 1293 congruentia
1059 1215 1134 1287 exta,

131 1294 322 1379 magnisque
336 1292 491 1359 consultis
505 1311 648 1358 annuere
663 1293 774 1375 Deam,
788 1293 884 1372 videt,
899 1310 1004 1375 pauca
1016 1294 1051 1357 in
1063 1312 1130 1375 pra¹

130 1398 205 1444 sens
230 1388 262 1442 et
283 1379 377 1445 solita
398 1378 602 1463 respondens,
626 1380 724 1464 petito
751 1389 881 1461 secreto,
901 1376 1011 1443 futura
1031 1379 1133 1463 aperit

133 1465 241 1544 Titus,
260 1476 354 1530 aucto
368 1464 483 1544 animo,
507 1465 548 1529 ud
561 1476 684 1549 patrem
696 1473 874 1548 pervectus,
896 1464 1059 1547 suspensis
1072 1481 1133 1547 pro·

130 1549 313 1615 vinciarum
325 1559 356 1615 et
369 1550 570 1615 exercituum
585 1550 754 1632 mentibus,
769 1550 884 1636 ingens
902 1569 1010 1615 rerum
1023 1549 1134 1620 fiducia

130 1635 273 1701 accessit
316 1635 544 1732 Profligaverat
568 1638 691 1701 bellum
713 1635 885 1701 Judaicum
908 1635 1132 1719 Vespasianus,

129 1720 367 1809 oppugnatione
382 1722 679 1807 Hierosolymorum
693 1721 825 1805 reliquit,
835 1722 919 1785 duro
933 1721 1034 1808 magis
1047 1730 1081 1786 et
1092 1739 1134 1784 er·

129 1806 196 1872 duo
210 1826 314 1892 opere,
329 1810 369 1873 ob
383 1807 551 1893 ingenium
570 1807 689 1873 montis
708 1817 739 1871 et
759 1805 974 1891 pervicaciam
991 1807 1133 1891 supersti-

128 1892 236 1973 tionis,
251 1895 350 1977 quim
361 1894 426 1977 qud
439 1894 516 1957 satis
535 1893 654 1959 virium
668 1891 802 1957 obsessis
823 1891 865 1955 ad
884 1894 1064 1958 tolerandas
1086 1911 1133 1956 ne

64 1977 93 2068 ‘l
129 1981 290 2044 cessitates
304 1989 489 2062 superesset.
533 1979 627 2060 Tres,
641 1987 678 2043 ut
692 1979 789 2064 supra
802 1978 1059 2058 memoravimus,
1079 1976 1131 2062 ipsi

129 2065 323 2147 Vespasiano
334 2066 476 2152 legiones
486 2074 585 2145 erant,
600 2065 862 2215 exegffibello:
884 2075 1022 2161 quatuor
1037 2063 1130 2129 Muci·

649 2170 682 2214 nr

127 2169 210 2213 anus
221 2150 381 2230 obtinebat
391 2150 425 2215 in
435 2168 531 2234 pace;
553 2151 647 2214 seduc
751 2152 971 2233 roetproxrmi
981 2148 1129 2216 exercitis

125 2235 231 2327 gloria
244 2235 402 2320 repulerat
416 2234 604 2320 segnitiam:
625 2246 845 2320 quantumque
860 2235 924 2300 illis
943 2236 1065 2302 roboris
1077 2236 1130 2299 dis

127 2320 265 2385 crimina
284 2331 317 2385 et
338 2312 433 2402 labor,
454 2333 579 2386 tanturn
601 2322 653 2385 his
675 2322 795 2408 vigoris
823 2319 988 2386 addiderat
1014 2323 1129 2410 integra

126 2407 217 2491 quies
227 2416 259 2472 et
274 2405 456 2489 inexpertus
469 2407 546 2472 belli
561 2408 668 2472 labor:
678 2404 948 2490 auxiliorumque
958 2407 1129 2473 cohortium

125 2494 324 2643 alrlrrgmque,
338 2509 371 2556 et
384 2495 502 2558 classes
515 2493 692 2581 Rogesque,
715 2513 754 2558 ac
774 2511 893 2558 nomen
915 2494 1035 2578 dispari
1051 2489 1127 2558 tamt

126 2597 193 2643 coe
214 2596 258 2643 rc.

167 2664 205 2729 V.
228 2663 451 2746 Vespasianus,
476 2683 548 2728 acer
575 2664 707 2744 militia,
736 2662 855 2728 anteire
879 2684 1006 2752 agmen,
1027 2665 1127 2731 locum

124 2750 371 2833 castriscapere,
387 2758 484 2813 noctu
499 2748 619 2833 diuque
633 2749 776 2830 consilio,
797 2768 844 2829 ac,
865 2751 893 2814 si
915 2770 965 2815 res
984 2759 1145 2859 posceret,⁴

124 2854 223 2900 manu
238 2834 383 2899 hostibus
397 2835 517 2899 obniti:
539 2834 765 2915 cibo'fortuim,
787 2844 874 2901 veste
889 2837 1064 2921 habituque
1076 2835 1125 2900 vix

124 2920 305 3009 agregario
320 2919 421 2985 milite
434 2920 638 3004 discrepans:
659 2939 799 3005 prorsus,
814 2920 842 2985 si
856 2923 991 2988 avaritia
1007 2925 1126 2998 abesset,

124 3006 264 3091 antiquis
285 3006 432 3072 Ducibus
454 3026 521 3091 par.
566 3007 757 3072 Mucianum
778 3008 972 3073 econtrario
991 3004 1125 3094 magnid-

124 3094 230 3158 centia
242 3101 273 3158 et
286 3113 362 3177 opes
376 3102 408 3157 et
420 3103 538 3157 cuncta
545 3094 708 3176 privatum
720 3092 854 3158 modum
867 3113 1069 3182 supergressa
1081 3109 1125 3155 ex·

123 3180 296 3244 tollebant:
319 3180 419 3262 aptior
440 3179 588 3257 sermoni,
610 3178 765 3262 dispositu
780 3180 974 3263 primisuque
988 3178 1124 3245 civilium
1145 3188 1146 3191 ’

124 3282 232 3330 rerum
246 3263 384 3348 peritus3
407 3266 572 3348 egregium
583 3246 785 3347 Principa‘tTis
794 3275 1084 3350 temperamentum,
1093 3259 1124 3339 si,

123 3348 239 3431 demtis
253 3348 420 3430 utriusque
433 3348 529 3434 vitiis,
544 3352 620 3414 solae
638 3350 772 3414 virtutes
786 3351 1002 3442 miscerentur.
1045 3349 1124 3412 Oete

124 3436 196 3498 nim
209 3434 263 3497 hic
278 3434 389 3517 Syriae,
412 3433 467 3496 ille
482 3434 601 3499 Judaeae
616 3436 811 3520 prepositus,
826 3416 942 3502 vicinis
956 3433 1123 3521 provincia·

124 3537 199 3582 rum
212 3517 545 3599 administrationibus,
560 3520 683 3584 invidie
703 3520 873 3601 discordes,
896 3524 984 3589 exitu
1003 3523 1123 3588 demum

125 3603 270 3682 Neronis,
295 3604 405 3685 positis
428 3603 577 3692 odiis,in
599 3605 741 3671 medium
763 3609 974 3677 consuluere:
995 3607 1122 3693 primum

124 3703 181 3768 per
195 3687 334 3771 amicos3
357 3687 428 3753 dein
446 3689 607 3781 precipua
621 3691 798 3756 concordiae
812 3694 892 3759 fides
907 3695 1015 3779 Titus,
1034 3708 1123 3779 praru
