<?xml version="1.0" encoding="UTF-8"?>
<!DOCTYPE html PUBLIC "-//W3C//DTD XHTML 1.0 Transitional//EN"
    "http://www.w3.org/TR/xhtml1/DTD/xhtml1-transitional.dtd">
<html xmlns="http://www.w3.org/1999/xhtml" xml:lang="en" lang="en">
 <head>
  <title>
</title>
<meta http-equiv="Content-Type" content="text/html;charset=utf-8" />
  <meta name='ocr-system' content='tesseract 3.04.00' />
  <meta name='ocr-capabilities' content='ocr_page ocr_carea ocr_par ocr_line ocrx_word'/>
</head>
<body>
  <div class='ocr_page' id='page_1' title='image "./ccorneliitaciti37tacigoog_0176.png"; bbox 0 0 2392 4050; ppageno 0'>
   <div class='ocr_carea' id='block_1_1' title="bbox 43 193 1047 292">
    <p class='ocr_par' dir='ltr' id='par_1_1' title="bbox 43 193 1047 292">
     <span class='ocr_line' id='line_1_1' title="bbox 43 193 1047 292; baseline 0.007 -30"><span class='ocrx_word' id='word_1_1' title='bbox 43 193 117 269; x_wconf 67' lang='lat' dir='ltr'><strong>XO.</strong></span> <span class='ocrx_word' id='word_1_2' title='bbox 131 203 195 292; x_wconf 73' lang='lat' dir='ltr'><strong>aa]</strong></span> <span class='ocrx_word' id='word_1_3' title='bbox 305 201 456 266; x_wconf 79' lang='lat' dir='ltr'><strong>Hieros.</strong></span> <span class='ocrx_word' id='word_1_4' title='bbox 471 200 551 266; x_wconf 84' lang='lat' dir='ltr'><strong>Lm.</strong></span> <span class='ocrx_word' id='word_1_5' title='bbox 567 201 766 269; x_wconf 66' lang='lat' dir='ltr'><strong>seccanae.</strong></span> <span class='ocrx_word' id='word_1_6' title='bbox 1003 204 1047 269; x_wconf 79' lang='lat'><strong>85</strong></span> 
     </span>
    </p>
   </div>
   <div class='ocr_carea' id='block_1_2' title="bbox 29 342 1050 470">
    <p class='ocr_par' dir='ltr' id='par_1_2' title="bbox 29 342 1050 470">
     <span class='ocr_line' id='line_1_2' title="bbox 29 342 1050 470; baseline 0.006 -34"><span class='ocrx_word' id='word_1_7' title='bbox 29 342 164 457; x_wconf 41' lang='lat' dir='ltr'><strong>&#39;usquam</strong></span> <span class='ocrx_word' id='word_1_8' title='bbox 177 393 305 462; x_wconf 68' lang='lat' dir='ltr'><strong>ugrum</strong></span> <span class='ocrx_word' id='word_1_9' title='bbox 317 373 407 455; x_wconf 83' lang='lat' dir='ltr'><strong>foret,</strong></span> <span class='ocrx_word' id='word_1_10' title='bbox 422 373 665 460; x_wconf 76' lang='lat' dir='ltr'><strong>aggredIuntur.</strong></span> <span class='ocrx_word' id='word_1_11' title='bbox 709 373 846 470; x_wconf 68' lang='lat' dir='ltr'><strong>Scripta</strong></span> <span class='ocrx_word' id='word_1_12' title='bbox 868 373 904 440; x_wconf 90' lang='lat' dir='ltr'><strong>in</strong></span> <span class='ocrx_word' id='word_1_13' title='bbox 924 373 1050 442; x_wconf 85' lang='lat' dir='ltr'><strong>Britan·</strong></span> 
     </span>
    </p>
   </div>
   <div class='ocr_carea' id='block_1_3' title="bbox 26 459 1051 1145">
    <p class='ocr_par' dir='ltr' id='par_1_3' title="bbox 44 459 1051 883">
     <span class='ocr_line' id='line_1_3' title="bbox 45 459 1051 545; baseline 0.003 -23"><span class='ocrx_word' id='word_1_14' title='bbox 45 460 115 525; x_wconf 88' lang='lat' dir='ltr'><strong>niam</strong></span> <span class='ocrx_word' id='word_1_15' title='bbox 138 462 180 527; x_wconf 88' lang='lat' dir='ltr'><strong>ad</strong></span> <span class='ocrx_word' id='word_1_16' title='bbox 207 460 515 545; x_wconf 84' lang='lat' dir='ltr'><strong>quartadecimanos,</strong></span> <span class='ocrx_word' id='word_1_17' title='bbox 541 459 577 524; x_wconf 89' lang='lat' dir='ltr'><strong>in</strong></span> <span class='ocrx_word' id='word_1_18' title='bbox 603 460 796 543; x_wconf 81' lang='lat' dir='ltr'><strong>Hispaniam</strong></span> <span class='ocrx_word' id='word_1_19' title='bbox 818 459 860 525; x_wconf 90' lang='lat' dir='ltr'><strong>ad</strong></span> <span class='ocrx_word' id='word_1_20' title='bbox 885 460 1051 544; x_wconf 88' lang='lat' dir='ltr'><strong>primanos</strong></span> 
     </span>
     <span class='ocr_line' id='line_1_4' title="bbox 45 544 1050 630; baseline 0.002 -23"><span class='ocrx_word' id='word_1_21' title='bbox 45 545 186 626; x_wconf 85' lang='lat' dir='ltr'><strong>epistolae:</strong></span> <span class='ocrx_word' id='word_1_22' title='bbox 207 544 296 630; x_wconf 85' lang='lat' dir='ltr'><strong>qubd</strong></span> <span class='ocrx_word' id='word_1_23' title='bbox 307 560 442 629; x_wconf 90' lang='lat' dir='ltr'><strong>utraque</strong></span> <span class='ocrx_word' id='word_1_24' title='bbox 455 546 540 630; x_wconf 82' lang='lat' dir='ltr'><strong>legin</strong></span> <span class='ocrx_word' id='word_1_25' title='bbox 553 564 612 628; x_wconf 92' lang='lat' dir='ltr'><strong>pro</strong></span> <span class='ocrx_word' id='word_1_26' title='bbox 625 544 763 625; x_wconf 85' lang='lat' dir='ltr'><strong>Othone,</strong></span> <span class='ocrx_word' id='word_1_27' title='bbox 775 545 909 611; x_wconf 83' lang='lat' dir='ltr'><strong>adversa</strong></span> <span class='ocrx_word' id='word_1_28' title='bbox 919 546 1050 611; x_wconf 91' lang='lat' dir='ltr'><strong>Vitellio</strong></span> 
     </span>
     <span class='ocr_line' id='line_1_5' title="bbox 44 629 1051 717; baseline 0.006 -26"><span class='ocrx_word' id='word_1_29' title='bbox 44 629 139 698; x_wconf 87' lang='lat' dir='ltr'><strong>luerat.</strong></span> <span class='ocrx_word' id='word_1_30' title='bbox 181 632 387 717; x_wconf 81' lang='lat' dir='ltr'><strong>Spargentur</strong></span> <span class='ocrx_word' id='word_1_31' title='bbox 398 651 454 714; x_wconf 92' lang='lat' dir='ltr'><strong>per</strong></span> <span class='ocrx_word' id='word_1_32' title='bbox 469 630 594 713; x_wconf 85' lang='lat' dir='ltr'><strong>Gallias</strong></span> <span class='ocrx_word' id='word_1_33' title='bbox 605 630 723 697; x_wconf 86' lang='lat' dir='ltr'><strong>literae:</strong></span> <span class='ocrx_word' id='word_1_34' title='bbox 737 641 1051 715; x_wconf 78' lang='lat' dir='ltr'><strong>momentoqnetem</strong></span> 
     </span>
     <span class='ocr_line' id='line_1_6' title="bbox 45 716 1051 803; baseline 0.004 -24"><span class='ocrx_word' id='word_1_35' title='bbox 45 717 113 797; x_wconf 88' lang='lat' dir='ltr'><strong>poris</strong></span> <span class='ocrx_word' id='word_1_36' title='bbox 134 718 289 803; x_wconf 84' lang='lat' dir='ltr'><strong>flagrabat</strong></span> <span class='ocrx_word' id='word_1_37' title='bbox 303 718 418 802; x_wconf 83' lang='lat' dir='ltr'><strong>ingens</strong></span> <span class='ocrx_word' id='word_1_38' title='bbox 432 717 564 797; x_wconf 89' lang='lat' dir='ltr'><strong>bellum,</strong></span> <span class='ocrx_word' id='word_1_39' title='bbox 579 716 721 802; x_wconf 83' lang='lat' dir='ltr'><strong>Illyricis</strong></span> <span class='ocrx_word' id='word_1_40' title='bbox 734 718 926 782; x_wconf 76' lang='lat' dir='ltr'><strong>exercitibus</strong></span> <span class='ocrx_word' id='word_1_41' title='bbox 944 717 1051 801; x_wconf 78' lang='lat' dir='ltr'><strong>polim</strong></span> 
     </span>
     <span class='ocr_line' id='line_1_7' title="bbox 44 799 776 883; baseline 0.004 -20"><span class='ocrx_word' id='word_1_42' title='bbox 44 799 287 883; x_wconf 77' lang='lat' dir='ltr'><strong>desciscentibus,</strong></span> <span class='ocrx_word' id='word_1_43' title='bbox 300 802 416 866; x_wconf 87' lang='lat' dir='ltr'><strong>ceteris</strong></span> <span class='ocrx_word' id='word_1_44' title='bbox 430 801 593 868; x_wconf 77' lang='lat' dir='ltr'><strong>domanam</strong></span> <span class='ocrx_word' id='word_1_45' title='bbox 607 802 776 881; x_wconf 79' lang='lat' dir='ltr'><strong>secuturis.</strong></span> 
     </span>
    </p>

    <p class='ocr_par' dir='ltr' id='par_1_4' title="bbox 26 886 1051 1145">
     <span class='ocr_line' id='line_1_8' title="bbox 76 886 1051 972; baseline 0 -19"><span class='ocrx_word' id='word_1_46' title='bbox 76 888 277 955; x_wconf 82' lang='lat' dir='ltr'><strong>LXXXVII.</strong></span> <span class='ocrx_word' id='word_1_47' title='bbox 300 888 392 952; x_wconf 91' lang='lat' dir='ltr'><strong>Dum</strong></span> <span class='ocrx_word' id='word_1_48' title='bbox 419 888 491 952; x_wconf 84' lang='lat' dir='ltr'><strong>baec</strong></span> <span class='ocrx_word' id='word_1_49' title='bbox 518 906 575 972; x_wconf 90' lang='lat' dir='ltr'><strong>per</strong></span> <span class='ocrx_word' id='word_1_50' title='bbox 599 886 786 972; x_wconf 85' lang='lat' dir='ltr'><strong>provincias</strong></span> <span class='ocrx_word' id='word_1_51' title='bbox 808 907 831 952; x_wconf 90' lang='lat' dir='ltr'><strong>a</strong></span> <span class='ocrx_word' id='word_1_52' title='bbox 852 887 1051 972; x_wconf 72' lang='lat' dir='ltr'><strong>Vespasiano</strong></span> 
     </span>
     <span class='ocr_line' id='line_1_9' title="bbox 26 970 1050 1058; baseline 0.003 -21"><span class='ocrx_word' id='word_1_53' title='bbox 26 970 240 1057; x_wconf 75' lang='lat' dir='ltr'><strong>bucinusqne</strong></span> <span class='ocrx_word' id='word_1_54' title='bbox 265 974 407 1057; x_wconf 84' lang='lat' dir='ltr'><strong>partium</strong></span> <span class='ocrx_word' id='word_1_55' title='bbox 434 984 601 1058; x_wconf 80' lang='lat' dir='ltr'><strong>geruntur,</strong></span> <span class='ocrx_word' id='word_1_56' title='bbox 627 974 776 1038; x_wconf 82' lang='lat' dir='ltr'><strong>Vitellius</strong></span> <span class='ocrx_word' id='word_1_57' title='bbox 800 973 990 1038; x_wconf 90' lang='lat' dir='ltr'><strong>contemtior</strong></span> <span class='ocrx_word' id='word_1_58' title='bbox 1014 974 1050 1040; x_wconf 88' lang='lat' dir='ltr'><strong>iu</strong></span> 
     </span>
     <span class='ocr_line' id='line_1_10' title="bbox 42 1055 1051 1145; baseline 0.005 -26"><span class='ocrx_word' id='word_1_59' title='bbox 42 1055 98 1122; x_wconf 90' lang='lat' dir='ltr'><strong>dies</strong></span> <span class='ocrx_word' id='word_1_60' title='bbox 121 1060 322 1145; x_wconf 79' lang='lat' dir='ltr'><strong>segniorque,</strong></span> <span class='ocrx_word' id='word_1_61' title='bbox 348 1058 389 1124; x_wconf 87' lang='lat' dir='ltr'><strong>ad</strong></span> <span class='ocrx_word' id='word_1_62' title='bbox 414 1078 527 1123; x_wconf 87' lang='lat' dir='ltr'><strong>omnes</strong></span> <span class='ocrx_word' id='word_1_63' title='bbox 552 1057 806 1142; x_wconf 79' lang='lat' dir='ltr'><strong>municipiorum</strong></span> <span class='ocrx_word' id='word_1_64' title='bbox 819 1059 1051 1143; x_wconf 66' lang='lat' dir='ltr'><strong>adlatumque</strong></span> 
     </span>
    </p>
   </div>
   <div class='ocr_carea' id='block_1_4' title="bbox 40 1143 1173 1399">
    <p class='ocr_par' dir='ltr' id='par_1_5' title="bbox 40 1143 1173 1399">
     <span class='ocr_line' id='line_1_11' title="bbox 41 1143 1173 1229; baseline 0.001 -19"><span class='ocrx_word' id='word_1_65' title='bbox 41 1144 228 1210; x_wconf 73' lang='lat' dir='ltr'><strong>serenitates</strong></span> <span class='ocrx_word' id='word_1_66' title='bbox 242 1146 400 1224; x_wconf 78' lang='lat' dir='ltr'><strong>resistens,</strong></span> <span class='ocrx_word' id='word_1_67' title='bbox 412 1145 506 1229; x_wconf 84' lang='lat' dir='ltr'><strong>gravi</strong></span> <span class='ocrx_word' id='word_1_68' title='bbox 521 1145 636 1208; x_wconf 87' lang='lat' dir='ltr'><strong>urbem</strong></span> <span class='ocrx_word' id='word_1_69' title='bbox 648 1143 779 1229; x_wconf 82' lang='lat' dir='ltr'><strong>agmine</strong></span> <span class='ocrx_word' id='word_1_70' title='bbox 792 1145 927 1227; x_wconf 86' lang='lat' dir='ltr'><strong>petebat.</strong></span> <span class='ocrx_word' id='word_1_71' title='bbox 970 1145 1051 1211; x_wconf 79' lang='lat' dir='ltr'><strong>Sex·</strong></span> <span class='ocrx_word' id='word_1_72' title='bbox 1172 1183 1173 1196; x_wconf 74' lang='lat'><strong>.</strong></span> 
     </span>
     <span class='ocr_line' id='line_1_12' title="bbox 41 1228 1173 1314; baseline 0 -19"><span class='ocrx_word' id='word_1_73' title='bbox 41 1229 139 1314; x_wconf 80' lang='lat' dir='ltr'><strong>agitne</strong></span> <span class='ocrx_word' id='word_1_74' title='bbox 151 1231 256 1295; x_wconf 88' lang='lat' dir='ltr'><strong>millia</strong></span> <span class='ocrx_word' id='word_1_75' title='bbox 269 1241 466 1294; x_wconf 85' lang='lat' dir='ltr'><strong>armatorum</strong></span> <span class='ocrx_word' id='word_1_76' title='bbox 488 1230 714 1312; x_wconf 86' lang='lat' dir='ltr'><strong>sequebantur,</strong></span> <span class='ocrx_word' id='word_1_77' title='bbox 730 1228 860 1293; x_wconf 79' lang='lat' dir='ltr'><strong>licentiis</strong></span> <span class='ocrx_word' id='word_1_78' title='bbox 881 1240 1050 1314; x_wconf 71' lang='lat' dir='ltr'><strong>corruptas</strong></span> <span class='ocrx_word' id='word_1_79' title='bbox 1172 1233 1173 1260; x_wconf 66' lang='lat'>¹</span> 
     </span>
     <span class='ocr_line' id='line_1_13' title="bbox 40 1314 1173 1399; baseline 0.005 -23"><span class='ocrx_word' id='word_1_80' title='bbox 40 1317 181 1381; x_wconf 89' lang='lat' dir='ltr'><strong>calonum</strong></span> <span class='ocrx_word' id='word_1_81' title='bbox 209 1335 366 1381; x_wconf 88' lang='lat' dir='ltr'><strong>numerus</strong></span> <span class='ocrx_word' id='word_1_82' title='bbox 394 1316 550 1399; x_wconf 85' lang='lat' dir='ltr'><strong>amplior:</strong></span> <span class='ocrx_word' id='word_1_83' title='bbox 578 1314 814 1399; x_wconf 78' lang='lat' dir='ltr'><strong>procacissimis</strong></span> <span class='ocrx_word' id='word_1_84' title='bbox 843 1315 941 1382; x_wconf 61' lang='lat' dir='ltr'><strong>mam</strong></span> <span class='ocrx_word' id='word_1_85' title='bbox 967 1316 1052 1382; x_wconf 87' lang='lat' dir='ltr'><strong>inter</strong></span> <span class='ocrx_word' id='word_1_86' title='bbox 1171 1317 1173 1326; x_wconf 88' lang='grc'><strong>’</strong></span> 
     </span>
    </p>
   </div>
   <div class='ocr_carea' id='block_1_5' title="bbox 40 1400 1052 1486">
    <p class='ocr_par' dir='ltr' id='par_1_6' title="bbox 40 1400 1052 1486">
     <span class='ocr_line' id='line_1_14' title="bbox 40 1400 1052 1486; baseline 0.007 -25"><span class='ocrx_word' id='word_1_87' title='bbox 40 1417 138 1466; x_wconf 81' lang='lat' dir='ltr'><strong>servos</strong></span> <span class='ocrx_word' id='word_1_88' title='bbox 163 1402 307 1465; x_wconf 80' lang='lat' dir='ltr'><strong>lixarum</strong></span> <span class='ocrx_word' id='word_1_89' title='bbox 332 1400 491 1486; x_wconf 79' lang='lat' dir='ltr'><strong>ingeniis:</strong></span> <span class='ocrx_word' id='word_1_90' title='bbox 516 1409 563 1463; x_wconf 92' lang='lat' dir='ltr'><strong>tot</strong></span> <span class='ocrx_word' id='word_1_91' title='bbox 588 1402 787 1486; x_wconf 76' lang='lat' dir='ltr'><strong>Legatomm</strong></span> <span class='ocrx_word' id='word_1_92' title='bbox 809 1400 1052 1486; x_wconf 80' lang='lat' dir='ltr'><strong>amicorumque</strong></span> 
     </span>
    </p>
   </div>
   <div class='ocr_carea' id='block_1_6' title="bbox 39 1484 1173 2095">
    <p class='ocr_par' dir='ltr' id='par_1_7' title="bbox 39 1484 1173 2095">
     <span class='ocr_line' id='line_1_15' title="bbox 40 1484 1173 1568; baseline 0.003 -20"><span class='ocrx_word' id='word_1_93' title='bbox 40 1487 209 1567; x_wconf 75' lang='lat' dir='ltr'><strong>comitatus,</strong></span> <span class='ocrx_word' id='word_1_94' title='bbox 223 1486 377 1552; x_wconf 86' lang='lat' dir='ltr'><strong>inhabilis</strong></span> <span class='ocrx_word' id='word_1_95' title='bbox 398 1485 438 1551; x_wconf 88' lang='lat' dir='ltr'><strong>ad</strong></span> <span class='ocrx_word' id='word_1_96' title='bbox 460 1484 649 1568; x_wconf 87' lang='lat' dir='ltr'><strong>parendum,</strong></span> <span class='ocrx_word' id='word_1_97' title='bbox 663 1485 761 1550; x_wconf 88' lang='lat' dir='ltr'><strong>etiam</strong></span> <span class='ocrx_word' id='word_1_98' title='bbox 782 1485 810 1548; x_wconf 89' lang='lat' dir='ltr'><strong>si</strong></span> <span class='ocrx_word' id='word_1_99' title='bbox 833 1486 960 1551; x_wconf 84' lang='lat' dir='ltr'><strong>summit</strong></span> <span class='ocrx_word' id='word_1_100' title='bbox 984 1507 1053 1551; x_wconf 89' lang='lat' dir='ltr'><strong>mo-</strong></span> <span class='ocrx_word' id='word_1_101' title='bbox 1172 1523 1173 1540; x_wconf 76' lang='lat'><strong>.</strong></span> 
     </span>
     <span class='ocr_line' id='line_1_16' title="bbox 40 1568 1173 1659; baseline 0.006 -27"><span class='ocrx_word' id='word_1_102' title='bbox 40 1568 130 1635; x_wconf 72' lang='lat' dir='ltr'><strong>durtii</strong></span> <span class='ocrx_word' id='word_1_103' title='bbox 146 1583 319 1659; x_wconf 85' lang='lat' dir='ltr'><strong>regeretur.</strong></span> <span class='ocrx_word' id='word_1_104' title='bbox 362 1571 801 1637; x_wconf 84' lang='lat' dir='ltr'><strong>OnerabantmultitudInem</strong></span> <span class='ocrx_word' id='word_1_105' title='bbox 815 1571 902 1636; x_wconf 85' lang='lat' dir='ltr'><strong>obvii</strong></span> <span class='ocrx_word' id='word_1_106' title='bbox 915 1592 957 1637; x_wconf 84' lang='lat' dir='ltr'><strong>ex</strong></span> <span class='ocrx_word' id='word_1_107' title='bbox 970 1573 1052 1640; x_wconf 87' lang='lat' dir='ltr'><strong>urbe</strong></span> <span class='ocrx_word' id='word_1_108' title='bbox 1172 1603 1173 1622; x_wconf 72' lang='lat'><strong>.</strong></span> 
     </span>
     <span class='ocr_line' id='line_1_17' title="bbox 41 1655 1173 1740; baseline -0.001 -18"><span class='ocrx_word' id='word_1_109' title='bbox 41 1656 199 1722; x_wconf 74' lang='lat' dir='ltr'><strong>Senatores</strong></span> <span class='ocrx_word' id='word_1_110' title='bbox 226 1658 442 1740; x_wconf 87' lang='lat' dir='ltr'><strong>Equitesque:</strong></span> <span class='ocrx_word' id='word_1_111' title='bbox 464 1655 598 1740; x_wconf 89' lang='lat' dir='ltr'><strong>quidam</strong></span> <span class='ocrx_word' id='word_1_112' title='bbox 620 1666 717 1738; x_wconf 88' lang='lat' dir='ltr'><strong>metu,</strong></span> <span class='ocrx_word' id='word_1_113' title='bbox 744 1655 839 1721; x_wconf 90' lang='lat' dir='ltr'><strong>multi</strong></span> <span class='ocrx_word' id='word_1_114' title='bbox 863 1674 920 1739; x_wconf 90' lang='lat' dir='ltr'><strong>per</strong></span> <span class='ocrx_word' id='word_1_115' title='bbox 942 1657 1052 1724; x_wconf 84' lang='lat' dir='ltr'><strong>adula-</strong></span> <span class='ocrx_word' id='word_1_116' title='bbox 1172 1717 1173 1734; x_wconf 62' lang='grc'>,</span> 
     </span>
     <span class='ocr_line' id='line_1_18' title="bbox 42 1740 1173 1826; baseline 0.008 -23"><span class='ocrx_word' id='word_1_117' title='bbox 42 1741 158 1824; x_wconf 88' lang='lat' dir='ltr'><strong>tionem,</strong></span> <span class='ocrx_word' id='word_1_118' title='bbox 173 1743 271 1808; x_wconf 87' lang='lat' dir='ltr'><strong>ceteri</strong></span> <span class='ocrx_word' id='word_1_119' title='bbox 285 1764 324 1807; x_wconf 90' lang='lat' dir='ltr'><strong>ac</strong></span> <span class='ocrx_word' id='word_1_120' title='bbox 338 1740 495 1826; x_wconf 84' lang='lat' dir='ltr'><strong>paulatim</strong></span> <span class='ocrx_word' id='word_1_121' title='bbox 515 1760 638 1823; x_wconf 85' lang='lat' dir='ltr'><strong>omnes,</strong></span> <span class='ocrx_word' id='word_1_122' title='bbox 661 1761 714 1825; x_wconf 86' lang='lat' dir='ltr'><strong>ne,</strong></span> <span class='ocrx_word' id='word_1_123' title='bbox 729 1741 802 1807; x_wconf 88' lang='lat' dir='ltr'><strong>aliis</strong></span> <span class='ocrx_word' id='word_1_124' title='bbox 824 1741 1053 1824; x_wconf 84' lang='lat' dir='ltr'><strong>proficiscenti·</strong></span> <span class='ocrx_word' id='word_1_125' title='bbox 1172 1763 1173 1812; x_wconf 75' lang='lat' dir='ltr'><strong>t</strong></span> 
     </span>
     <span class='ocr_line' id='line_1_19' title="bbox 42 1825 1173 1914; baseline 0.004 -26"><span class='ocrx_word' id='word_1_126' title='bbox 42 1825 102 1909; x_wconf 85' lang='lat' dir='ltr'><strong>bus,</strong></span> <span class='ocrx_word' id='word_1_127' title='bbox 115 1827 174 1912; x_wconf 86' lang='lat' dir='ltr'><strong>ipsi</strong></span> <span class='ocrx_word' id='word_1_128' title='bbox 200 1838 410 1893; x_wconf 85' lang='lat' dir='ltr'><strong>remanerent.</strong></span> <span class='ocrx_word' id='word_1_129' title='bbox 453 1829 753 1913; x_wconf 70' lang='lat' dir='ltr'><strong>Aggregabanture</strong></span> <span class='ocrx_word' id='word_1_130' title='bbox 768 1826 869 1912; x_wconf 88' lang='lat' dir='ltr'><strong>plebe,</strong></span> <span class='ocrx_word' id='word_1_131' title='bbox 893 1826 1053 1914; x_wconf 74' lang='lat' dir='ltr'><strong>flagitiosa</strong></span> <span class='ocrx_word' id='word_1_132' title='bbox 1172 1871 1173 1902; x_wconf 34' lang='lat' dir='ltr'><strong>p</strong></span> 
     </span>
     <span class='ocr_line' id='line_1_20' title="bbox 42 1911 1173 2000; baseline 0 -23"><span class='ocrx_word' id='word_1_133' title='bbox 42 1929 89 1993; x_wconf 89' lang='lat' dir='ltr'><strong>per</strong></span> <span class='ocrx_word' id='word_1_134' title='bbox 101 1914 255 1996; x_wconf 85' lang='lat' dir='ltr'><strong>obsequia</strong></span> <span class='ocrx_word' id='word_1_135' title='bbox 279 1913 408 1979; x_wconf 88' lang='lat' dir='ltr'><strong>Vitellio</strong></span> <span class='ocrx_word' id='word_1_136' title='bbox 432 1913 563 1999; x_wconf 75' lang='lat' dir='ltr'><strong>cogniti,</strong></span> <span class='ocrx_word' id='word_1_137' title='bbox 576 1932 705 1993; x_wconf 70' lang='lat' dir='ltr'><strong>scurrae,</strong></span> <span class='ocrx_word' id='word_1_138' title='bbox 729 1912 909 1994; x_wconf 83' lang='lat' dir='ltr'><strong>histriones,</strong></span> <span class='ocrx_word' id='word_1_139' title='bbox 924 1913 1055 2000; x_wconf 77' lang='lat' dir='ltr'><strong>auriga,</strong></span> <span class='ocrx_word' id='word_1_140' title='bbox 1172 1911 1173 1998; x_wconf 51' lang='grc' dir='ltr'>ζ</span> 
     </span>
     <span class='ocr_line' id='line_1_21' title="bbox 39 1996 1173 2095; baseline 0 -32"><span class='ocrx_word' id='word_1_141' title='bbox 39 1998 148 2095; x_wconf 79' lang='lat' dir='ltr'><strong>quibus</strong></span> <span class='ocrx_word' id='word_1_142' title='bbox 162 2000 219 2065; x_wconf 89' lang='lat' dir='ltr'><strong>ille</strong></span> <span class='ocrx_word' id='word_1_143' title='bbox 242 1999 458 2077; x_wconf 77' lang='lat' dir='ltr'><strong>amIcitiarum</strong></span> <span class='ocrx_word' id='word_1_144' title='bbox 477 1997 771 2065; x_wconf 70' lang='lat' dir='ltr'><strong>dehonestamentis</strong></span> <span class='ocrx_word' id='word_1_145' title='bbox 786 1996 868 2065; x_wconf 73' lang='lat' dir='ltr'><strong>mire</strong></span> <span class='ocrx_word' id='word_1_146' title='bbox 882 1997 1051 2084; x_wconf 79' lang='lat' dir='ltr'><strong>gaudebat.</strong></span> <span class='ocrx_word' id='word_1_147' title='bbox 1171 2005 1173 2073; x_wconf 66' lang='grc' dir='ltr'><em>ξ</em></span> 
     </span>
    </p>
   </div>
   <div class='ocr_carea' id='block_1_7' title="bbox 42 2082 1052 2172">
    <p class='ocr_par' dir='ltr' id='par_1_8' title="bbox 42 2082 1052 2172">
     <span class='ocr_line' id='line_1_22' title="bbox 42 2082 1052 2172; baseline 0.003 -26"><span class='ocrx_word' id='word_1_148' title='bbox 42 2082 104 2148; x_wconf 79' lang='lat' dir='ltr'><strong>nee</strong></span> <span class='ocrx_word' id='word_1_149' title='bbox 124 2086 262 2151; x_wconf 77' lang='lat' dir='ltr'><strong>coloniae</strong></span> <span class='ocrx_word' id='word_1_150' title='bbox 289 2087 392 2166; x_wconf 74' lang='lat' dir='ltr'><strong>modu,</strong></span> <span class='ocrx_word' id='word_1_151' title='bbox 407 2095 463 2149; x_wconf 88' lang='lat' dir='ltr'><strong>aut</strong></span> <span class='ocrx_word' id='word_1_152' title='bbox 485 2084 672 2169; x_wconf 82' lang='lat' dir='ltr'><strong>municipia,</strong></span> <span class='ocrx_word' id='word_1_153' title='bbox 698 2096 852 2172; x_wconf 81' lang='lat' dir='ltr'><strong>congestu</strong></span> <span class='ocrx_word' id='word_1_154' title='bbox 876 2085 1052 2168; x_wconf 63' lang='lat' dir='ltr'><strong>comarum,</strong></span> 
     </span>
    </p>
   </div>
   <div class='ocr_carea' id='block_1_8' title="bbox 41 2169 1173 2273">
    <p class='ocr_par' dir='ltr' id='par_1_9' title="bbox 41 2169 1173 2273">
     <span class='ocr_line' id='line_1_23' title="bbox 41 2169 1173 2273; baseline 0.004 -39"><span class='ocrx_word' id='word_1_155' title='bbox 41 2169 92 2234; x_wconf 83' lang='lat' dir='ltr'><strong>sed</strong></span> <span class='ocrx_word' id='word_1_156' title='bbox 105 2170 164 2256; x_wconf 86' lang='lat' dir='ltr'><strong>ipsi</strong></span> <span class='ocrx_word' id='word_1_157' title='bbox 174 2172 317 2236; x_wconf 86' lang='lat' dir='ltr'><strong>cultores</strong></span> <span class='ocrx_word' id='word_1_158' title='bbox 331 2190 482 2254; x_wconf 88' lang='lat' dir='ltr'><strong>arvaque,</strong></span> <span class='ocrx_word' id='word_1_159' title='bbox 497 2171 632 2236; x_wconf 87' lang='lat' dir='ltr'><strong>maturis</strong></span> <span class='ocrx_word' id='word_1_160' title='bbox 643 2169 713 2253; x_wconf 89' lang='lat' dir='ltr'><strong>jam</strong></span> <span class='ocrx_word' id='word_1_161' title='bbox 722 2169 880 2257; x_wconf 76' lang='lat' dir='ltr'><strong>frugibus,</strong></span> <span class='ocrx_word' id='word_1_162' title='bbox 888 2182 926 2234; x_wconf 90' lang='lat' dir='ltr'><strong>ut</strong></span> <span class='ocrx_word' id='word_1_163' title='bbox 937 2170 1053 2238; x_wconf 80' lang='lat' dir='ltr'><strong>hostile</strong></span> <span class='ocrx_word' id='word_1_164' title='bbox 1172 2266 1173 2273; x_wconf 6' lang='grc' dir='ltr'>ἵ</span> 
     </span>
    </p>
   </div>
   <div class='ocr_carea' id='block_1_9' title="bbox 38 2256 382 2337">
    <p class='ocr_par' dir='ltr' id='par_1_10' title="bbox 38 2256 382 2337">
     <span class='ocr_line' id='line_1_24' title="bbox 38 2256 382 2337; baseline 0.012 -21"><span class='ocrx_word' id='word_1_165' title='bbox 38 2256 143 2337; x_wconf 73' lang='lat' dir='ltr'><strong>solum,</strong></span> <span class='ocrx_word' id='word_1_166' title='bbox 164 2257 382 2322; x_wconf 82' lang='lat' dir='ltr'><strong>vastabantur.</strong></span> 
     </span>
    </p>
   </div>
   <div class='ocr_carea' id='block_1_10' title="bbox 78 2316 1173 2426">
    <p class='ocr_par' dir='ltr' id='par_1_11' title="bbox 78 2316 1173 2426">
     <span class='ocr_line' id='line_1_25' title="bbox 78 2316 1173 2426; baseline 0.008 -22"><span class='ocrx_word' id='word_1_167' title='bbox 78 2339 297 2410; x_wconf 77' lang='lat' dir='ltr'><strong>Lxxxrni</strong></span> <span class='ocrx_word' id='word_1_168' title='bbox 318 2342 430 2407; x_wconf 80' lang='lat' dir='ltr'><strong>uunae</strong></span> <span class='ocrx_word' id='word_1_169' title='bbox 444 2349 476 2404; x_wconf 73' lang='lat' dir='ltr'><strong>et</strong></span> <span class='ocrx_word' id='word_1_170' title='bbox 489 2353 612 2406; x_wconf 66' lang='lat' dir='ltr'><strong>sesses</strong></span> <span class='ocrx_word' id='word_1_171' title='bbox 625 2341 708 2408; x_wconf 77' lang='lat' dir='ltr'><strong>ruer</strong></span> <span class='ocrx_word' id='word_1_172' title='bbox 720 2352 756 2408; x_wconf 76' lang='lat' dir='ltr'><strong>se</strong></span> <span class='ocrx_word' id='word_1_173' title='bbox 777 2343 917 2414; x_wconf 75' lang='lat' dir='ltr'><strong>militum</strong></span> <span class='ocrx_word' id='word_1_174' title='bbox 936 2342 1053 2426; x_wconf 64' lang='lat' dir='ltr'><strong>emas</strong></span> <span class='ocrx_word' id='word_1_175' title='bbox 1172 2316 1173 2329; x_wconf 65' lang='lat'><em>&#39;</em></span> 
     </span>
    </p>
   </div>
   <div class='ocr_carea' id='block_1_11' title="bbox 40 2427 1053 2599">
    <p class='ocr_par' dir='ltr' id='par_1_12' title="bbox 40 2427 1053 2599">
     <span class='ocr_line' id='line_1_26' title="bbox 40 2427 1052 2514; baseline 0 -21"><span class='ocrx_word' id='word_1_176' title='bbox 40 2437 105 2508; x_wconf 82' lang='lat' dir='ltr'><strong>post</strong></span> <span class='ocrx_word' id='word_1_177' title='bbox 117 2427 305 2493; x_wconf 86' lang='lat' dir='ltr'><strong>seditionem</strong></span> <span class='ocrx_word' id='word_1_178' title='bbox 318 2427 431 2493; x_wconf 81' lang='lat' dir='ltr'><strong>Ticini</strong></span> <span class='ocrx_word' id='word_1_179' title='bbox 444 2436 584 2510; x_wconf 83' lang='lat' dir='ltr'><strong>coeptam</strong></span> <span class='ocrx_word' id='word_1_180' title='bbox 605 2437 756 2492; x_wconf 89' lang='lat' dir='ltr'><strong>manente</strong></span> <span class='ocrx_word' id='word_1_181' title='bbox 782 2427 948 2514; x_wconf 81' lang='lat' dir='ltr'><strong>legionum</strong></span> <span class='ocrx_word' id='word_1_182' title='bbox 972 2446 1052 2493; x_wconf 81' lang='lat' dir='ltr'><strong>aux-</strong></span> 
     </span>
     <span class='ocr_line' id='line_1_27' title="bbox 41 2509 1053 2599; baseline 0.008 -27"><span class='ocrx_word' id='word_1_183' title='bbox 41 2509 225 2597; x_wconf 88' lang='lat' dir='ltr'><strong>iliorumque</strong></span> <span class='ocrx_word' id='word_1_184' title='bbox 238 2512 419 2592; x_wconf 75' lang='lat' dir='ltr'><strong>discordia;</strong></span> <span class='ocrx_word' id='word_1_185' title='bbox 442 2512 499 2576; x_wconf 91' lang='lat' dir='ltr'><strong>ubi</strong></span> <span class='ocrx_word' id='word_1_186' title='bbox 522 2512 673 2579; x_wconf 74' lang='lat' dir='ltr'><strong>adversus</strong></span> <span class='ocrx_word' id='word_1_187' title='bbox 697 2531 840 2599; x_wconf 84' lang='lat' dir='ltr'><strong>paganos</strong></span> <span class='ocrx_word' id='word_1_188' title='bbox 862 2513 1053 2581; x_wconf 83' lang='lat' dir='ltr'><strong>certandum</strong></span> 
     </span>
    </p>
   </div>
   <div class='ocr_carea' id='block_1_12' title="bbox 42 2574 1173 2686">
    <p class='ocr_par' dir='ltr' id='par_1_13' title="bbox 42 2574 1173 2686">
     <span class='ocr_line' id='line_1_28' title="bbox 42 2574 1173 2686; baseline 0.004 -27"><span class='ocrx_word' id='word_1_189' title='bbox 42 2593 124 2679; x_wconf 72' lang='lat' dir='ltr'><strong>foret</strong></span> <span class='ocrx_word' id='word_1_190' title='bbox 138 2618 309 2663; x_wconf 88' lang='lat' dir='ltr'><strong>consensu.</strong></span> <span class='ocrx_word' id='word_1_191' title='bbox 351 2597 418 2664; x_wconf 81' lang='lat' dir='ltr'><strong>sed</strong></span> <span class='ocrx_word' id='word_1_192' title='bbox 441 2597 582 2681; x_wconf 88' lang='lat' dir='ltr'><strong>plurima</strong></span> <span class='ocrx_word' id='word_1_193' title='bbox 606 2609 726 2686; x_wconf 79' lang='lat' dir='ltr'><strong>strages</strong></span> <span class='ocrx_word' id='word_1_194' title='bbox 751 2596 792 2663; x_wconf 88' lang='lat' dir='ltr'><strong>ad</strong></span> <span class='ocrx_word' id='word_1_195' title='bbox 815 2598 988 2682; x_wconf 88' lang='lat' dir='ltr'><strong>septimum</strong></span> <span class='ocrx_word' id='word_1_196' title='bbox 1010 2600 1052 2664; x_wconf 88' lang='lat' dir='ltr'><strong>ab</strong></span> <span class='ocrx_word' id='word_1_197' title='bbox 1172 2574 1173 2645; x_wconf 50' lang='lat'>3</span> 
     </span>
    </p>
   </div>
   <div class='ocr_carea' id='block_1_13' title="bbox 41 2682 1052 2770">
    <p class='ocr_par' dir='ltr' id='par_1_14' title="bbox 41 2682 1052 2770">
     <span class='ocr_line' id='line_1_29' title="bbox 41 2682 1052 2770; baseline 0.005 -26"><span class='ocrx_word' id='word_1_198' title='bbox 41 2683 113 2746; x_wconf 88' lang='lat' dir='ltr'><strong>urbe</strong></span> <span class='ocrx_word' id='word_1_199' title='bbox 136 2684 284 2768; x_wconf 88' lang='lat' dir='ltr'><strong>lapidem.</strong></span> <span class='ocrx_word' id='word_1_200' title='bbox 326 2683 474 2770; x_wconf 82' lang='lat' dir='ltr'><strong>Singulis</strong></span> <span class='ocrx_word' id='word_1_201' title='bbox 497 2682 542 2747; x_wconf 93' lang='lat' dir='ltr'><strong>ibi</strong></span> <span class='ocrx_word' id='word_1_202' title='bbox 567 2683 724 2749; x_wconf 90' lang='lat' dir='ltr'><strong>militibus</strong></span> <span class='ocrx_word' id='word_1_203' title='bbox 749 2683 900 2748; x_wconf 82' lang='lat' dir='ltr'><strong>Vitellius</strong></span> <span class='ocrx_word' id='word_1_204' title='bbox 924 2695 1052 2770; x_wconf 85' lang='lat' dir='ltr'><strong>paratos</strong></span> 
     </span>
    </p>
   </div>
   <div class='ocr_carea' id='block_1_14' title="bbox 39 2766 1173 2953">
    <p class='ocr_par' dir='ltr' id='par_1_15' title="bbox 39 2750 1173 2953">
     <span class='ocr_line' id='line_1_30' title="bbox 39 2766 1173 2855; baseline 0.009 -27"><span class='ocrx_word' id='word_1_205' title='bbox 39 2766 129 2849; x_wconf 85' lang='lat' dir='ltr'><strong>cibos,</strong></span> <span class='ocrx_word' id='word_1_206' title='bbox 140 2779 177 2834; x_wconf 90' lang='lat' dir='ltr'><strong>ut</strong></span> <span class='ocrx_word' id='word_1_207' title='bbox 189 2769 412 2855; x_wconf 82' lang='lat' dir='ltr'><strong>gladiatoriam</strong></span> <span class='ocrx_word' id='word_1_208' title='bbox 422 2768 576 2855; x_wconf 79' lang='lat' dir='ltr'><strong>saginam,</strong></span> <span class='ocrx_word' id='word_1_209' title='bbox 587 2769 768 2835; x_wconf 85' lang='lat' dir='ltr'><strong>dividebat:</strong></span> <span class='ocrx_word' id='word_1_210' title='bbox 789 2783 820 2834; x_wconf 89' lang='lat' dir='ltr'><strong>et</strong></span> <span class='ocrx_word' id='word_1_211' title='bbox 830 2769 933 2838; x_wconf 76' lang='lat' dir='ltr'><strong>effusa</strong></span> <span class='ocrx_word' id='word_1_212' title='bbox 944 2771 1051 2854; x_wconf 84' lang='lat' dir='ltr'><strong>plebes</strong></span> <span class='ocrx_word' id='word_1_213' title='bbox 1171 2832 1173 2853; x_wconf 82' lang='lat'><strong>.</strong></span> 
     </span>
     <span class='ocr_line' id='line_1_31' title="bbox 42 2853 1173 2953; baseline 0.005 -38"><span class='ocrx_word' id='word_1_214' title='bbox 42 2853 154 2919; x_wconf 88' lang='lat' dir='ltr'><strong>totisse</strong></span> <span class='ocrx_word' id='word_1_215' title='bbox 167 2854 280 2919; x_wconf 88' lang='lat' dir='ltr'><strong>castris</strong></span> <span class='ocrx_word' id='word_1_216' title='bbox 297 2855 478 2918; x_wconf 71' lang='lat' dir='ltr'><strong>miscuerat.</strong></span> <span class='ocrx_word' id='word_1_217' title='bbox 523 2854 708 2920; x_wconf 89' lang='lat' dir='ltr'><strong>Incuriosos</strong></span> <span class='ocrx_word' id='word_1_218' title='bbox 728 2855 847 2920; x_wconf 85' lang='lat' dir='ltr'><strong>milites</strong></span> <span class='ocrx_word' id='word_1_219' title='bbox 860 2855 1052 2953; x_wconf 59' lang='lat' dir='ltr'><strong>(uernaculi</strong></span> <span class='ocrx_word' id='word_1_220' title='bbox 1172 2860 1173 2941; x_wconf 78' lang='lat' dir='ltr'>j</span> 
     </span>
    </p>
   </div>
   <div class='ocr_carea' id='block_1_15' title="bbox 41 2937 1054 3464">
    <p class='ocr_par' dir='ltr' id='par_1_16' title="bbox 41 2937 1054 3464">
     <span class='ocr_line' id='line_1_32' title="bbox 42 2937 1053 3025; baseline 0.009 -27"><span class='ocrx_word' id='word_1_221' title='bbox 42 2939 204 3004; x_wconf 87' lang='lat' dir='ltr'><strong>utebantur</strong></span> <span class='ocrx_word' id='word_1_222' title='bbox 225 2940 416 3025; x_wconf 76' lang='lat' dir='ltr'><strong>urbanitate)</strong></span> <span class='ocrx_word' id='word_1_223' title='bbox 430 2937 562 3022; x_wconf 85' lang='lat' dir='ltr'><strong>qnidam</strong></span> <span class='ocrx_word' id='word_1_224' title='bbox 582 2941 771 3024; x_wconf 72' lang='lat' dir='ltr'><strong>spoliavere,</strong></span> <span class='ocrx_word' id='word_1_225' title='bbox 785 2941 917 3006; x_wconf 83' lang='lat' dir='ltr'><strong>abscisis</strong></span> <span class='ocrx_word' id='word_1_226' title='bbox 938 2940 1053 3007; x_wconf 84' lang='lat' dir='ltr'><strong>furtim</strong></span> 
     </span>
     <span class='ocr_line' id='line_1_33' title="bbox 41 3021 1052 3123; baseline 0.004 -37"><span class='ocrx_word' id='word_1_227' title='bbox 41 3021 153 3105; x_wconf 84' lang='lat' dir='ltr'><strong>balteis,</strong></span> <span class='ocrx_word' id='word_1_228' title='bbox 169 3032 229 3089; x_wconf 82' lang='lat' dir='ltr'><strong>‘au</strong></span> <span class='ocrx_word' id='word_1_229' title='bbox 252 3025 388 3091; x_wconf 90' lang='lat' dir='ltr'><strong>acclncti</strong></span> <span class='ocrx_word' id='word_1_230' title='bbox 410 3024 523 3089; x_wconf 86' lang='lat' dir='ltr'><strong>forent’</strong></span> <span class='ocrx_word' id='word_1_231' title='bbox 544 3026 728 3123; x_wconf 75' lang='lat' dir='ltr'><strong>rogitantes.</strong></span> <span class='ocrx_word' id='word_1_232' title='bbox 773 3025 846 3089; x_wconf 90' lang='lat' dir='ltr'><strong>Non</strong></span> <span class='ocrx_word' id='word_1_233' title='bbox 868 3024 943 3090; x_wconf 89' lang='lat' dir='ltr'><strong>tulit</strong></span> <span class='ocrx_word' id='word_1_234' title='bbox 969 3024 1052 3090; x_wconf 90' lang='lat' dir='ltr'><strong>ludi·</strong></span> 
     </span>
     <span class='ocr_line' id='line_1_34' title="bbox 42 3106 1052 3194; baseline 0.009 -25"><span class='ocrx_word' id='word_1_235' title='bbox 42 3106 139 3173; x_wconf 89' lang='lat' dir='ltr'><strong>brium</strong></span> <span class='ocrx_word' id='word_1_236' title='bbox 152 3110 294 3176; x_wconf 86' lang='lat' dir='ltr'><strong>insolens</strong></span> <span class='ocrx_word' id='word_1_237' title='bbox 318 3110 522 3176; x_wconf 75' lang='lat' dir='ltr'><strong>contumelia</strong></span> <span class='ocrx_word' id='word_1_238' title='bbox 545 3130 695 3177; x_wconf 79' lang='lat' dir='ltr'><strong>animus:</strong></span> <span class='ocrx_word' id='word_1_239' title='bbox 717 3112 873 3176; x_wconf 86' lang='lat' dir='ltr'><strong>inermem</strong></span> <span class='ocrx_word' id='word_1_240' title='bbox 894 3107 1052 3194; x_wconf 86' lang='lat' dir='ltr'><strong>populum</strong></span> 
     </span>
     <span class='ocr_line' id='line_1_35' title="bbox 43 3193 1052 3279; baseline 0.008 -23"><span class='ocrx_word' id='word_1_241' title='bbox 43 3193 150 3272; x_wconf 67' lang='lat' dir='ltr'><strong>gladiis</strong></span> <span class='ocrx_word' id='word_1_242' title='bbox 176 3196 340 3261; x_wconf 75' lang='lat' dir='ltr'><strong>invasere:</strong></span> <span class='ocrx_word' id='word_1_243' title='bbox 368 3214 473 3261; x_wconf 76' lang='lat' dir='ltr'><strong>caesus</strong></span> <span class='ocrx_word' id='word_1_244' title='bbox 502 3194 585 3259; x_wconf 87' lang='lat' dir='ltr'><strong>inter</strong></span> <span class='ocrx_word' id='word_1_245' title='bbox 610 3197 691 3261; x_wconf 91' lang='lat' dir='ltr'><strong>alios</strong></span> <span class='ocrx_word' id='word_1_246' title='bbox 718 3204 807 3279; x_wconf 84' lang='lat' dir='ltr'><strong>pater</strong></span> <span class='ocrx_word' id='word_1_247' title='bbox 832 3194 952 3279; x_wconf 89' lang='lat' dir='ltr'><strong>militis,</strong></span> <span class='ocrx_word' id='word_1_248' title='bbox 977 3198 1052 3264; x_wconf 79' lang='lat' dir='ltr'><strong>cum</strong></span> 
     </span>
     <span class='ocr_line' id='line_1_36' title="bbox 43 3275 1050 3430; baseline 0.011 -92"><span class='ocrx_word' id='word_1_249' title='bbox 43 3275 139 3344; x_wconf 81' lang='lat' dir='ltr'><strong>filium</strong></span> <span class='ocrx_word' id='word_1_250' title='bbox 164 3281 386 3364; x_wconf 85' lang='lat' dir='ltr'><strong>comitaretur3</strong></span> <span class='ocrx_word' id='word_1_251' title='bbox 408 3279 524 3345; x_wconf 91' lang='lat' dir='ltr'><strong>deinde</strong></span> <span class='ocrx_word' id='word_1_252' title='bbox 548 3282 698 3366; x_wconf 77' lang='lat' dir='ltr'><strong>agnitust</strong></span> <span class='ocrx_word' id='word_1_253' title='bbox 727 3291 768 3360; x_wconf 89' lang='lat' dir='ltr'><strong>et,</strong></span> <span class='ocrx_word' id='word_1_254' title='bbox 793 3281 928 3430; x_wconf 57' lang='lat' dir='ltr'><strong>vulfarii</strong></span> <span class='ocrx_word' id='word_1_255' title='bbox 951 3283 1050 3367; x_wconf 79' lang='lat' dir='ltr'><strong>crede,</strong></span> 
     </span>
     <span class='ocr_line' id='line_1_37' title="bbox 44 3365 1054 3464; baseline 0.011 -37"><span class='ocrx_word' id='word_1_256' title='bbox 44 3373 243 3449; x_wconf 85' lang='lat' dir='ltr'><strong>temperatum</strong></span> <span class='ocrx_word' id='word_1_257' title='bbox 257 3368 298 3432; x_wconf 89' lang='lat' dir='ltr'><strong>ab</strong></span> <span class='ocrx_word' id='word_1_258' title='bbox 312 3366 462 3433; x_wconf 86' lang='lat' dir='ltr'><strong>innoxiis.</strong></span> <span class='ocrx_word' id='word_1_259' title='bbox 496 3366 534 3430; x_wconf 92' lang='lat' dir='ltr'><strong>In</strong></span> <span class='ocrx_word' id='word_1_260' title='bbox 549 3368 630 3432; x_wconf 90' lang='lat' dir='ltr'><strong>urbe</strong></span> <span class='ocrx_word' id='word_1_261' title='bbox 643 3379 749 3434; x_wconf 86' lang='lat' dir='ltr'><strong>tamen</strong></span> <span class='ocrx_word' id='word_1_262' title='bbox 761 3365 840 3464; x_wconf 81' lang='lat' dir='ltr'><strong>tropi</strong></span> <span class='ocrx_word' id='word_1_263' title='bbox 862 3376 963 3451; x_wconf 85' lang='lat' dir='ltr'><strong>atum,</strong></span> <span class='ocrx_word' id='word_1_264' title='bbox 976 3389 1054 3454; x_wconf 72' lang='lat' dir='ltr'><strong>pre·</strong></span> 
     </span>
    </p>
   </div>
   <div class='ocr_carea' id='block_1_16' title="bbox 43 3451 1173 3643">
    <p class='ocr_par' dir='ltr' id='par_1_17' title="bbox 43 3451 1173 3643">
     <span class='ocr_line' id='line_1_38' title="bbox 43 3451 1173 3543; baseline 0.01 -34"><span class='ocrx_word' id='word_1_265' title='bbox 43 3455 236 3519; x_wconf 85' lang='lat' dir='ltr'><strong>currenthus</strong></span> <span class='ocrx_word' id='word_1_266' title='bbox 249 3454 369 3537; x_wconf 82' lang='lat' dir='ltr'><strong>passim</strong></span> <span class='ocrx_word' id='word_1_267' title='bbox 382 3451 546 3518; x_wconf 86' lang='lat' dir='ltr'><strong>militibus.</strong></span> <span class='ocrx_word' id='word_1_268' title='bbox 591 3455 717 3520; x_wconf 84' lang='lat' dir='ltr'><strong>Forum</strong></span> <span class='ocrx_word' id='word_1_269' title='bbox 731 3454 872 3519; x_wconf 73' lang='lat' dir='ltr'><strong>marrini</strong></span> <span class='ocrx_word' id='word_1_270' title='bbox 895 3456 1050 3540; x_wconf 80' lang='lat' dir='ltr'><strong>potabant,</strong></span> <span class='ocrx_word' id='word_1_271' title='bbox 1172 3470 1173 3543; x_wconf 42' lang='grc' dir='ltr'><strong>ᾗ</strong></span> 
     </span>
     <span class='ocr_line' id='line_1_39' title="bbox 44 3534 1173 3643; baseline 0.009 -46"><span class='ocrx_word' id='word_1_272' title='bbox 44 3534 184 3616; x_wconf 84' lang='lat' dir='ltr'><strong>cupidine</strong></span> <span class='ocrx_word' id='word_1_273' title='bbox 205 3538 476 3618; x_wconf 79' lang='lat' dir='ltr'><strong>visendilocum,</strong></span> <span class='ocrx_word' id='word_1_274' title='bbox 501 3537 536 3600; x_wconf 92' lang='lat' dir='ltr'><strong>in</strong></span> <span class='ocrx_word' id='word_1_275' title='bbox 558 3559 624 3623; x_wconf 89' lang='lat' dir='ltr'><strong>qno</strong></span> <span class='ocrx_word' id='word_1_276' title='bbox 648 3540 755 3605; x_wconf 87' lang='lat' dir='ltr'><strong>Galba</strong></span> <span class='ocrx_word' id='word_1_277' title='bbox 776 3537 938 3621; x_wconf 80' lang='lat' dir='ltr'><strong>jacuisset</strong></span> <span class='ocrx_word' id='word_1_278' title='bbox 981 3541 1051 3606; x_wconf 85' lang='lat' dir='ltr'><strong>Nec</strong></span> <span class='ocrx_word' id='word_1_279' title='bbox 1171 3565 1173 3643; x_wconf 29' lang='grc' dir='ltr'>ξ</span> 
     </span>
    </p>
   </div>
   <div class='ocr_carea' id='block_1_17' title="bbox 47 3620 1053 3715">
    <p class='ocr_par' dir='ltr' id='par_1_18' title="bbox 47 3620 1053 3715">
     <span class='ocr_line' id='line_1_40' title="bbox 47 3620 1053 3715; baseline 0.001 -32"><span class='ocrx_word' id='word_1_280' title='bbox 47 3620 142 3686; x_wconf 78' lang='lat' dir='ltr'><strong>miuus</strong></span> <span class='ocrx_word' id='word_1_281' title='bbox 155 3643 280 3690; x_wconf 77' lang='lat' dir='ltr'><strong>sarum</strong></span> <span class='ocrx_word' id='word_1_282' title='bbox 299 3623 523 3707; x_wconf 84' lang='lat' dir='ltr'><strong>spectaculum</strong></span> <span class='ocrx_word' id='word_1_283' title='bbox 544 3629 638 3689; x_wconf 79' lang='lat' dir='ltr'><strong>erant</strong></span> <span class='ocrx_word' id='word_1_284' title='bbox 652 3624 722 3707; x_wconf 89' lang='lat' dir='ltr'><strong>ipsi,</strong></span> <span class='ocrx_word' id='word_1_285' title='bbox 736 3625 832 3707; x_wconf 74' lang='lat' dir='ltr'><strong>tergis</strong></span> <span class='ocrx_word' id='word_1_286' title='bbox 855 3622 996 3689; x_wconf 84' lang='lat' dir='ltr'><strong>ferarum</strong></span> <span class='ocrx_word' id='word_1_287' title='bbox 1018 3631 1053 3715; x_wconf 72' lang='lat' dir='ltr'><strong>et</strong></span> 
     </span>
    </p>
   </div>
   <div class='ocr_carea' id='block_1_18' title="bbox 46 3701 1173 3792">
    <p class='ocr_par' dir='ltr' id='par_1_19' title="bbox 46 3701 1173 3792">
     <span class='ocr_line' id='line_1_41' title="bbox 46 3701 1173 3792; baseline -0.009 -19"><span class='ocrx_word' id='word_1_288' title='bbox 46 3701 217 3790; x_wconf 81' lang='lat' dir='ltr'><strong>ingentibus</strong></span> <span class='ocrx_word' id='word_1_289' title='bbox 238 3711 309 3776; x_wconf 89' lang='lat' dir='ltr'><strong>telis</strong></span> <span class='ocrx_word' id='word_1_290' title='bbox 323 3710 498 3787; x_wconf 84' lang='lat' dir='ltr'><strong>horrentes,</strong></span> <span class='ocrx_word' id='word_1_291' title='bbox 521 3711 594 3774; x_wconf 86' lang='lat' dir='ltr'><strong>cbm</strong></span> <span class='ocrx_word' id='word_1_292' title='bbox 608 3710 736 3775; x_wconf 89' lang='lat' dir='ltr'><strong>turbam</strong></span> <span class='ocrx_word' id='word_1_293' title='bbox 748 3708 861 3792; x_wconf 88' lang='lat' dir='ltr'><strong>populi</strong></span> <span class='ocrx_word' id='word_1_294' title='bbox 876 3726 932 3790; x_wconf 87' lang='lat' dir='ltr'><strong>per</strong></span> <span class='ocrx_word' id='word_1_295' title='bbox 956 3707 1051 3769; x_wconf 64' lang='lat' dir='ltr'><strong>ineos</strong></span> <span class='ocrx_word' id='word_1_296' title='bbox 1170 3710 1173 3751; x_wconf 58' lang='grc' dir='ltr'>ἐ</span> 
     </span>
    </p>
   </div>
   <div class='ocr_carea' id='block_1_19' title="bbox 540 3797 561 3860">
    <p class='ocr_par' dir='ltr' id='par_1_20' title="bbox 540 3797 561 3860">
     <span class='ocr_line' id='line_1_42' title="bbox 540 3797 561 3860; baseline 0 0"><span class='ocrx_word' id='word_1_297' title='bbox 540 3797 561 3860; x_wconf 88' lang='lat'>8</span> 
     </span>
    </p>
   </div>
   <div class='ocr_carea' id='block_1_20' title="bbox 0 0 1200 4050">
    <p class='ocr_par' dir='ltr' id='par_1_21' title="bbox 0 0 1200 4050">
     <span class='ocr_line' id='line_1_43' title="bbox 0 0 1200 4050; baseline 0 0"><span class='ocrx_word' id='word_1_298' title='bbox 0 0 1200 4050; x_wconf 95' lang='lat' dir='ltr'><strong> </strong></span> 
     </span>
    </p>
   </div>
  </div>
 </body>
</html>
