2392 4050
94 176 163 243 284
511 178 697 246 Baounnrr

92 353 281 429 tamquam
300 352 388 413 ermis
408 351 556 428 literisque
569 363 729 429 paraverat,
745 363 878 429 peuoesa,
891 354 1049 417 intentatas
1061 358 1115 418 iniit

91 433 165 503 vias,
179 446 281 492 utnon
294 434 441 510 majorum,
455 433 508 490 sed
521 434 593 502 suis,
604 432 736 491 laudibus
751 434 956 495 celebraretur.
1001 439 1114 516 Reipub

89 512 155 572 licre
168 513 285 572 libertas
299 513 329 571 iu
342 513 503 590 principum
513 512 738 570 dominationem
752 526 894 585 cesserat,
909 535 1065 593 eorumque
1079 539 1113 576 ar·

91 593 168 650 tibus
182 594 344 661 cavebatur,
357 605 388 650 ut
408 591 534 649 fastidite
552 594 672 649 externa
686 604 840 667 vetereque
854 594 949 669 gloria
963 600 1019 655 toti
1028 599 1063 656 ad
1074 599 1115 657 do·

89 672 228 730 mesticas
241 691 387 747 novasque
401 671 521 729 delicias
541 684 782 729 converteremur.
825 673 906 730 Dum
926 676 960 732 in
981 676 1044 734 haec
1064 679 1115 736 otia

89 752 268 822 resolvimur,
289 765 319 810 et
331 771 416 809 suum
428 751 548 825 quisque
562 751 711 826 ingenium
726 750 806 807 miris
830 753 924 809 modis
947 767 1115 832 contorquet,

89 832 193 906 quibus
206 832 319 908 ignotos
340 831 377 889 ad
396 831 517 906 gloriam
530 830 623 887 aditus
638 829 756 905 aperiat,
769 849 869 887 omncs
884 833 959 890 vicit
972 835 1073 893 infelix
1085 837 1114 894 t..

90 912 193 968 Annei
205 913 326 969 Senecae
336 910 469 967 facilitas.
510 911 594 967 Absit
605 928 623 974 a
635 928 681 965 me
696 908 849 968 inhonesta
862 910 927 968 haec
950 915 1115 991 malignitas,

89 1001 121 1047 nt
140 1008 224 1047 veras
238 991 291 1048 viri
304 990 406 1047 laudes
420 989 557 1046 deteram.
599 988 728 1064 Egregia
747 990 778 1045 in
793 1007 828 1045 eo
847 991 1002 1066 sapientiae
1021 983 1114 1065 studia,

88 1088 144 1126 nec
169 1068 290 1127 fractum
311 1069 451 1126 malorum
472 1069 635 1144 principum
663 1067 739 1125 odiis
763 1069 889 1125 animum
912 1071 980 1145 ipse
1003 1074 1114 1149 suspexi

89 1167 260 1225 semperque
275 1149 440 1225 suspiciam.
482 1150 521 1205 At
534 1166 628 1223 neque
642 1148 748 1206 veritas
761 1148 866 1223 patitur
878 1160 920 1220 nt,
928 1168 1018 1224 quam
1029 1154 1115 1230 perni-

90 1229 167 1286 ciem
180 1229 348 1305 eloquentiae
362 1228 497 1297 intulerit,
511 1226 701 1285 dissimulem.

130 1311 158 1365 6.
174 1307 309 1366 Ceterdm
318 1311 417 1366 uaturd
425 1308 590 1381 [cannaque
599 1317 715 1382 paratus
724 1305 910 1377 suitSeneca,
916 1318 947 1365 ut
956 1328 1023 1367 eam
1031 1311 1113 1369 literis

88 1388 273 1445 mutationem
282 1386 440 1444 inveheret.
482 1386 1113 1462 Copiosumenimillieratingenium,molle,

88 1483 241 1536 amoenum,
259 1466 379 1524 eruditio
393 1467 551 1543 multiplex,
565 1465 710 1541 majorque
725 1466 936 1523 commendatio
950 1486 993 1524 ex
1006 1471 1112 1546 sapien-

88 1543 134 1601 tiae
153 1546 266 1616 studiis,
278 1566 341 1621 quoe
355 1565 479 1621 nunqam
493 1546 557 1622 plus
570 1545 665 1601 laudis
684 1545 822 1613 obtinent,
834 1545 923 1619 quim
942 1547 1011 1605 clim
1023 1568 1110 1606 mores

87 1624 209 1700 periere.
252 1626 331 1685 Usus
346 1636 375 1683 et
389 1626 489 1683 saculi
509 1625 554 1681 sui
568 1624 694 1693 auribus,
709 1623 824 1681 dicendi
837 1644 932 1699 genus
947 1639 1110 1703 attempera-

88 1704 129 1760 vit
142 1704 343 1776 sacile,breve‚
367 1705 493 1762 sermoni
514 1705 684 1780 proximum,
705 1703 800 1760 verbis
822 1705 1037 1778 circumcisum,
1051 1726 1111 1764 sen·

87 1785 186 1842 tenuis
206 1785 349 1861 frequens,
370 1796 399 1842 et
408 1785 471 1861 jugi
485 1784 617 1841 vitiorum
637 1784 825 1840 insectatione
845 1783 881 1840 ad
895 1784 1107 1844 admirationem

87 1865 285 1941 compositum.
326 1866 433 1923 Mirum
445 1875 476 1922 ut
495 1864 603 1939 placuit
615 1881 690 1920 nova
710 1861 772 1919 haec
786 1862 923 1920 orationis
938 1866 1064 1940 species,
1075 1867 1105 1923 in

87 1946 144 2017 qud
157 1944 249 2003 cuivis
262 1946 347 2003 obvia
360 1963 529 2020 semperque
543 1942 678 2018 expedita
687 1941 797 2017 ingenii
811 1960 844 1997 ac
860 1941 973 2000 virtutis
987 1956 1106 2002 ostenta·

87 2023 138 2082 tio.
180 2024 286 2083 Forum
314 2027 436 2083 Senecae
462 2022 594 2082 laudibus
619 2019 716 2079 statim
734 2020 890 2097 personuit.
932 2022 1058 2083 Incensa
1075 2023 1109 2082 ad

74 2102 254 2174 ⁴imitandum
266 2106 393 2162 omnium
406 2103 508 2161 studia.
551 2103 646 2178 Super
658 2100 722 2158 herc
736 2099 817 2157 affuit
830 2100 951 2172 fortuna,
970 2123 1033 2179 quae
1046 2123 1108 2162 eum

87 2182 159 2239 anloe
180 2182 302 2253 deliciis,
324 2185 396 2242 sorte
415 2195 446 2240 et
463 2183 638 2249 libidinibus,
652 2180 818 2238 immiscuit.
860 2181 1024 2240 Subsecuta
1044 2201 1107 2242 mox

86 2261 154 2319 Caii
178 2262 304 2320 Cesaris
327 2264 444 2333 invidia,
463 2263 568 2320 deinde
592 2259 729 2336 pericula,
748 2260 849 2332 quibus
872 2261 951 2334 aeque
971 2263 1106 2320 inclaruit

86 2340 285 2401 Novissimum
298 2344 413 2401 tandem
427 2362 461 2399 ac
474 2343 630 2399 maximum
638 2339 812 2395 celebritatis
823 2338 1019 2414 adjumentum
1032 2342 1108 2399 Nem

85 2422 220 2498 princeps
242 2423 410 2500 discipulus,
430 2425 498 2498 post
520 2419 694 2486 interfector,
707 2418 817 2493 ingenii
840 2417 924 2475 samm
946 2421 1059 2495 pondus
1081 2430 1109 2478 et

85 2501 269 2577 splendorem
282 2503 426 2560 addidere.
469 2501 547 2559 Tum
566 2498 666 2576 puduit
679 2497 856 2571 eloquentia,
871 2516 934 2571 quoe
954 2500 1030 2575 apud
1051 2499 1108 2557 ani·

84 2598 148 2637 mos
161 2582 402 2640 novitatis-lurore
417 2582 607 2640 circumactos
620 2595 678 2634 non
691 2575 778 2632 modo
790 2576 863 2632 nihil
877 2578 1005 2651 pristinus
1018 2578 1109 2655 digni·

84 2658 151 2715 tatis
160 2661 307 2730 retinebat,
316 2661 369 2718 sed
378 2662 460 2737 cujus
471 2662 557 2718 etiam
567 2676 615 2715 ars
626 2657 775 2729 cultusque
788 2655 948 2713 inludibria
955 2668 1107 2717 verterant.

85 2737 213 2794 Favebat
226 2738 319 2795 adhuc
339 2750 498 2815 temporum
519 2739 601 2806 ratio,
611 2736 716 2811 ¹quibus
730 2735 819 2792 virtus
844 2746 904 2791 erat
917 2737 1032 2811 pavida,
1046 2755 1107 2795 sce·

83 2816 139 2875 leri
151 2816 224 2874 nihil
237 2817 378 2875 illicitum.
421 2818 541 2893 Utrique
555 2815 697 2875 contraria
707 2813 878 2887 eloquentia,
887 2833 953 2888 quae
965 2816 1034 2874 huic
1047 2817 1106 2874 len·

84 2898 148 2969 tior,
158 2897 200 2955 illi
210 2898 360 2955 invalidior
373 2898 530 2955 videbatur.
570 2896 648 2953 Juvit
662 2911 731 2969 ergo
741 2893 772 2949 in
785 2893 840 2949 hac
854 2902 1016 2968 temporum
1028 2913 1106 2952 acer-

84 2977 170 3036 bitate
179 2979 274 3036 verbis
282 2996 411 3055 parcere,
418 2977 596 3054 praecipitare
605 2982 866 3042 sensusmonrento
875 2973 996 3031 exitium
1003 2974 1105 3032 micare

83 3068 133 3114 aut
156 3069 294 3128 avertere,
308 3069 346 3127 et,
359 3058 386 3114 si
411 3067 490 3115 esset
511 3054 697 3132 pereundum,
721 3051 828 3126 insigni
849 3050 927 3108 dicto
944 3063 1102 3110 notescere.

84 3135 142 3194 His
156 3136 287 3195 dulcibus
303 3138 424 3195 Senecae
438 3135 516 3192 vitiis
529 3134 672 3207 tantisque
693 3130 811 3188 fortune
832 3130 1017 3193 varietatibus
1031 3132 1104 3189 victa

83 3227 130 3272 est
140 3216 310 3290 eloquentia,
323 3227 353 3273 et
366 3216 465 3273 diserti
479 3214 620 3272 sermonis
634 3213 749 3291 invecta
761 3208 932 3266 necessitas.

124 3299 152 3352 7.
174 3294 293 3351 Mutatis
318 3305 415 3352 tamen
439 3305 541 3370 postea
563 3290 748 3366 temporibus,
776 3288 841 3345 crim
867 3288 1101 3363 vigilantissimum

83 3371 291 3446 Vespasianus,
309 3373 413 3446 prisce
426 3373 547 3440 virtutis,
560 3372 616 3445 qud
630 3388 698 3428 sese
713 3367 844 3424 Romana
856 3385 904 3424 res
917 3367 949 3426 in
962 3384 1101 3426 summum

81 3447 174 3505 laudis
188 3449 332 3524 fastigium
346 3451 415 3506 olim
435 3451 545 3518 extulit,
565 3446 846 3515 observantissimus,
864 3446 1011 3521 publicam
1031 3458 1101 3504 aaa·

80 3527 238 3596 quilitatem
252 3527 339 3583 simul
359 3537 388 3583 et
407 3528 567 3585 libertatem
586 3526 720 3595 restituit,
734 3525 837 3582 studiis
850 3523 958 3582 addidit
970 3525 1062 3583 decus
1074 3532 1101 3580 et

79 3603 310 3671 emolumentum,
320 3604 413 3660 illuxit
426 3622 495 3678 spes
514 3604 661 3661 emendari
674 3621 762 3680 posse
783 3603 837 3673 sori
859 3602 986 3679 ingenia.
1028 3604 1100 3661 Con·

78 3676 204 3746 spirabat
215 3696 274 3736 non
286 3681 372 3737 modd
384 3682 514 3738 voluntas
529 3682 686 3758 Principis,
698 3683 748 3759 qui
761 3681 867 3757 optima
884 3700 1005 3758 quaque
1014 3680 1100 3741 laudi·
