<?xml version="1.0" encoding="UTF-8"?>
<!DOCTYPE html PUBLIC "-//W3C//DTD XHTML 1.0 Transitional//EN"
    "http://www.w3.org/TR/xhtml1/DTD/xhtml1-transitional.dtd">
<html xmlns="http://www.w3.org/1999/xhtml" xml:lang="en" lang="en">
 <head>
  <title>
</title>
<meta http-equiv="Content-Type" content="text/html;charset=utf-8" />
  <meta name='ocr-system' content='tesseract 3.04.00' />
  <meta name='ocr-capabilities' content='ocr_page ocr_carea ocr_par ocr_line ocrx_word'/>
</head>
<body>
  <div class='ocr_page' id='page_1' title='image "./ccorneliitaciti37tacigoog_0478.png"; bbox 0 0 2392 4050; ppageno 0'>
   <div class='ocr_carea' id='block_1_1' title="bbox 491 219 1105 288">
    <p class='ocr_par' dir='ltr' id='par_1_1' title="bbox 491 219 1105 288">
     <span class='ocr_line' id='line_1_1' title="bbox 491 219 1105 288; baseline -0.003 -1"><span class='ocrx_word' id='word_1_1' title='bbox 491 221 691 288; x_wconf 76' lang='lat' dir='ltr'><strong>Acarnane.</strong></span> <span class='ocrx_word' id='word_1_2' title='bbox 846 231 855 244; x_wconf 85' lang='lat'><strong>·</strong></span> <span class='ocrx_word' id='word_1_3' title='bbox 1039 219 1105 286; x_wconf 75' lang='lat'><strong>23⁶</strong></span> 
     </span>
    </p>
   </div>
   <div class='ocr_carea' id='block_1_2' title="bbox 53 388 1154 3687">
    <p class='ocr_par' dir='ltr' id='par_1_2' title="bbox 53 388 1107 1221">
     <span class='ocr_line' id='line_1_2' title="bbox 53 388 1105 477; baseline 0.004 -21"><span class='ocrx_word' id='word_1_4' title='bbox 53 390 161 457; x_wconf 87' lang='lat' dir='ltr'><strong>tione</strong></span> <span class='ocrx_word' id='word_1_5' title='bbox 184 388 338 458; x_wconf 79' lang='lat' dir='ltr'><strong>adversis</strong></span> <span class='ocrx_word' id='word_1_6' title='bbox 361 392 512 477; x_wconf 79' lang='lat' dir='ltr'><strong>collegas,</strong></span> <span class='ocrx_word' id='word_1_7' title='bbox 533 392 649 476; x_wconf 90' lang='lat' dir='ltr'><strong>procul</strong></span> <span class='ocrx_word' id='word_1_8' title='bbox 672 411 693 455; x_wconf 89' lang='lat' dir='ltr'><strong>a</strong></span> <span class='ocrx_word' id='word_1_9' title='bbox 714 391 926 457; x_wconf 77' lang='lat' dir='ltr'><strong>contentione</strong></span> <span class='ocrx_word' id='word_1_10' title='bbox 952 389 1105 460; x_wconf 72' lang='lat' dir='ltr'><strong>adverus</strong></span> 
     </span>
     <span class='ocr_line' id='line_1_3' title="bbox 56 475 1105 563; baseline -0.001 -22"><span class='ocrx_word' id='word_1_11' title='bbox 56 478 324 543; x_wconf 79' lang='lat' dir='ltr'>Procuratores:</span> <span class='ocrx_word' id='word_1_12' title='bbox 348 489 380 541; x_wconf 88' lang='lat' dir='ltr'><strong>et</strong></span> <span class='ocrx_word' id='word_1_13' title='bbox 396 478 528 542; x_wconf 78' lang='lat' dir='ltr'><strong>vincere</strong></span> <span class='ocrx_word' id='word_1_14' title='bbox 548 477 738 563; x_wconf 84' lang='lat' dir='ltr'><strong>inglorium,</strong></span> <span class='ocrx_word' id='word_1_15' title='bbox 760 486 793 541; x_wconf 93' lang='lat' dir='ltr'><strong>et</strong></span> <span class='ocrx_word' id='word_1_16' title='bbox 814 477 907 542; x_wconf 79' lang='lat' dir='ltr'><strong>atteri</strong></span> <span class='ocrx_word' id='word_1_17' title='bbox 926 475 1105 559; x_wconf 83' lang='lat' dir='ltr'><strong>sordidum,</strong></span> 
     </span>
     <span class='ocr_line' id='line_1_4' title="bbox 61 559 1106 649; baseline -0.001 -23"><span class='ocrx_word' id='word_1_18' title='bbox 61 561 301 627; x_wconf 71' lang='lat' dir='ltr'><strong>arbitrabatur.</strong></span> <span class='ocrx_word' id='word_1_19' title='bbox 345 563 457 625; x_wconf 88' lang='lat' dir='ltr'><strong>Minus</strong></span> <span class='ocrx_word' id='word_1_20' title='bbox 467 562 649 628; x_wconf 86' lang='lat' dir='ltr'><strong>triennium</strong></span> <span class='ocrx_word' id='word_1_21' title='bbox 660 563 696 627; x_wconf 94' lang='lat' dir='ltr'><strong>in</strong></span> <span class='ocrx_word' id='word_1_22' title='bbox 706 563 746 628; x_wconf 73' lang='lat' dir='ltr'><strong>ei</strong></span> <span class='ocrx_word' id='word_1_23' title='bbox 759 563 936 649; x_wconf 73' lang='lat' dir='ltr'><strong>legatam</strong></span> <span class='ocrx_word' id='word_1_24' title='bbox 946 559 1106 643; x_wconf 75' lang='lat' dir='ltr'><strong>deuomr,</strong></span> 
     </span>
     <span class='ocr_line' id='line_1_5' title="bbox 59 644 1106 729; baseline -0.001 -18"><span class='ocrx_word' id='word_1_25' title='bbox 59 667 108 711; x_wconf 80' lang='lat' dir='ltr'><strong>nc</strong></span> <span class='ocrx_word' id='word_1_26' title='bbox 125 646 241 710; x_wconf 83' lang='lat' dir='ltr'><strong>atatim</strong></span> <span class='ocrx_word' id='word_1_27' title='bbox 260 646 302 710; x_wconf 87' lang='lat' dir='ltr'><strong>ad</strong></span> <span class='ocrx_word' id='word_1_28' title='bbox 322 665 416 729; x_wconf 88' lang='lat' dir='ltr'><strong>spem</strong></span> <span class='ocrx_word' id='word_1_29' title='bbox 435 647 635 713; x_wconf 77' lang='lat' dir='ltr'><strong>consulum</strong></span> <span class='ocrx_word' id='word_1_30' title='bbox 658 657 830 712; x_wconf 83' lang='lat' dir='ltr'><strong>revocatus</strong></span> <span class='ocrx_word' id='word_1_31' title='bbox 852 656 910 727; x_wconf 77' lang='lat' dir='ltr'><strong>ert,</strong></span> <span class='ocrx_word' id='word_1_32' title='bbox 931 644 1106 712; x_wconf 73' lang='lat' dir='ltr'><strong>comitante</strong></span> 
     </span>
     <span class='ocr_line' id='line_1_6' title="bbox 59 728 1106 816; baseline 0 -20"><span class='ocrx_word' id='word_1_33' title='bbox 59 731 240 816; x_wconf 91' lang='lat' dir='ltr'><strong>opinione,</strong></span> <span class='ocrx_word' id='word_1_34' title='bbox 263 731 465 796; x_wconf 76' lang='lat' dir='ltr'><strong>Britanniam</strong></span> <span class='ocrx_word' id='word_1_35' title='bbox 485 732 516 795; x_wconf 89' lang='lat' dir='ltr'><strong>ei</strong></span> <span class='ocrx_word' id='word_1_36' title='bbox 542 732 745 816; x_wconf 86' lang='lat' dir='ltr'><strong>prorinciam</strong></span> <span class='ocrx_word' id='word_1_37' title='bbox 765 732 854 798; x_wconf 85' lang='lat' dir='ltr'><strong>dari:</strong></span> <span class='ocrx_word' id='word_1_38' title='bbox 875 730 978 795; x_wconf 76' lang='lat' dir='ltr'><strong>nullis</strong></span> <span class='ocrx_word' id='word_1_39' title='bbox 991 728 1027 795; x_wconf 91' lang='lat' dir='ltr'><strong>in</strong></span> <span class='ocrx_word' id='word_1_40' title='bbox 1041 731 1106 796; x_wconf 89' lang='lat' dir='ltr'><strong>hoc</strong></span> 
     </span>
     <span class='ocr_line' id='line_1_7' title="bbox 59 814 1107 899; baseline -0.003 -18"><span class='ocrx_word' id='word_1_41' title='bbox 59 816 146 881; x_wconf 78' lang='lat' dir='ltr'><strong>suis</strong></span> <span class='ocrx_word' id='word_1_42' title='bbox 160 816 373 895; x_wconf 77' lang='lat' dir='ltr'>sermonibus,</span> <span class='ocrx_word' id='word_1_43' title='bbox 394 815 451 879; x_wconf 87' lang='lat' dir='ltr'><strong>sed</strong></span> <span class='ocrx_word' id='word_1_44' title='bbox 464 816 544 899; x_wconf 88' lang='lat' dir='ltr'><strong>quia</strong></span> <span class='ocrx_word' id='word_1_45' title='bbox 563 816 817 899; x_wconf 80' lang='lat' dir='ltr'><strong>pervidebatur.</strong></span> <span class='ocrx_word' id='word_1_46' title='bbox 859 814 960 881; x_wconf 87' lang='lat' dir='ltr'><strong>Hand</strong></span> <span class='ocrx_word' id='word_1_47' title='bbox 978 833 1107 898; x_wconf 83' lang='lat' dir='ltr'><strong>semper</strong></span> 
     </span>
     <span class='ocr_line' id='line_1_8' title="bbox 59 898 1106 997; baseline -0.001 -32"><span class='ocrx_word' id='word_1_48' title='bbox 59 911 162 966; x_wconf 85' lang='lat' dir='ltr'><strong>errat</strong></span> <span class='ocrx_word' id='word_1_49' title='bbox 175 899 270 978; x_wconf 77' lang='lat' dir='ltr'><strong>sama,</strong></span> <span class='ocrx_word' id='word_1_50' title='bbox 281 899 457 983; x_wconf 89' lang='lat' dir='ltr'><strong>aliqnando</strong></span> <span class='ocrx_word' id='word_1_51' title='bbox 470 911 504 962; x_wconf 90' lang='lat' dir='ltr'><strong>et</strong></span> <span class='ocrx_word' id='word_1_52' title='bbox 517 902 624 997; x_wconf 80' lang='lat' dir='ltr'><strong>elegit.</strong></span> <span class='ocrx_word' id='word_1_53' title='bbox 669 904 793 968; x_wconf 85' lang='lat' dir='ltr'><strong>Consul</strong></span> <span class='ocrx_word' id='word_1_54' title='bbox 803 902 940 988; x_wconf 72' lang='lat' dir='ltr'><strong>egregia</strong></span> <span class='ocrx_word' id='word_1_55' title='bbox 955 910 1027 964; x_wconf 89' lang='lat' dir='ltr'><strong>tum</strong></span> <span class='ocrx_word' id='word_1_56' title='bbox 1036 898 1106 983; x_wconf 83' lang='lat' dir='ltr'><strong>spei</strong></span> 
     </span>
     <span class='ocr_line' id='line_1_9' title="bbox 59 983 1107 1069; baseline -0.001 -19"><span class='ocrx_word' id='word_1_57' title='bbox 59 987 181 1050; x_wconf 84' lang='lat' dir='ltr'><strong>filiam</strong></span> <span class='ocrx_word' id='word_1_58' title='bbox 199 984 314 1064; x_wconf 87' lang='lat' dir='ltr'><strong>juveni</strong></span> <span class='ocrx_word' id='word_1_59' title='bbox 330 983 411 1048; x_wconf 87' lang='lat' dir='ltr'><strong>milri</strong></span> <span class='ocrx_word' id='word_1_60' title='bbox 424 985 604 1068; x_wconf 74' lang='lat' dir='ltr'><strong>despondit,</strong></span> <span class='ocrx_word' id='word_1_61' title='bbox 625 1006 664 1050; x_wconf 86' lang='lat' dir='ltr'><strong>ac</strong></span> <span class='ocrx_word' id='word_1_62' title='bbox 685 996 758 1069; x_wconf 91' lang='lat' dir='ltr'><strong>post</strong></span> <span class='ocrx_word' id='word_1_63' title='bbox 776 988 993 1051; x_wconf 77' lang='lat' dir='ltr'><strong>Consulatum</strong></span> <span class='ocrx_word' id='word_1_64' title='bbox 1007 986 1107 1049; x_wconf 91' lang='lat' dir='ltr'><strong>collo·</strong></span> 
     </span>
     <span class='ocr_line' id='line_1_10' title="bbox 59 1069 1107 1154; baseline -0.001 -18"><span class='ocrx_word' id='word_1_65' title='bbox 59 1069 173 1148; x_wconf 82' lang='lat' dir='ltr'><strong>cavit,</strong></span> <span class='ocrx_word' id='word_1_66' title='bbox 190 1078 223 1131; x_wconf 91' lang='lat' dir='ltr'><strong>et</strong></span> <span class='ocrx_word' id='word_1_67' title='bbox 237 1070 345 1133; x_wconf 81' lang='lat' dir='ltr'><strong>statim</strong></span> <span class='ocrx_word' id='word_1_68' title='bbox 358 1069 534 1134; x_wconf 76' lang='lat' dir='ltr'><strong>Britanniae</strong></span> <span class='ocrx_word' id='word_1_69' title='bbox 548 1071 741 1154; x_wconf 79' lang='lat' dir='ltr'><strong>praepositus</strong></span> <span class='ocrx_word' id='word_1_70' title='bbox 754 1081 811 1154; x_wconf 87' lang='lat' dir='ltr'><strong>est,</strong></span> <span class='ocrx_word' id='word_1_71' title='bbox 832 1071 958 1152; x_wconf 82' lang='lat' dir='ltr'><strong>adjecto</strong></span> <span class='ocrx_word' id='word_1_72' title='bbox 973 1069 1107 1135; x_wconf 86' lang='lat' dir='ltr'><strong>Pantili-</strong></span> 
     </span>
     <span class='ocr_line' id='line_1_11' title="bbox 62 1154 384 1221; baseline -0.019 1"><span class='ocrx_word' id='word_1_73' title='bbox 62 1155 167 1221; x_wconf 80' lang='lat' dir='ltr'><strong>catos</strong></span> <span class='ocrx_word' id='word_1_74' title='bbox 183 1154 384 1217; x_wconf 75' lang='lat' dir='ltr'><strong>sacerdotio.</strong></span> 
     </span>
    </p>

    <p class='ocr_par' dir='ltr' id='par_1_3' title="bbox 63 1237 1154 3687">
     <span class='ocr_line' id='line_1_12' title="bbox 117 1237 1106 1323; baseline -0.001 -19"><span class='ocrx_word' id='word_1_75' title='bbox 117 1239 168 1304; x_wconf 78' lang='lat' dir='ltr'><strong>X.</strong></span> <span class='ocrx_word' id='word_1_76' title='bbox 192 1238 366 1302; x_wconf 82' lang='lat' dir='ltr'><strong>Britannia</strong></span> <span class='ocrx_word' id='word_1_77' title='bbox 395 1237 496 1302; x_wconf 90' lang='lat' dir='ltr'><strong>situm</strong></span> <span class='ocrx_word' id='word_1_78' title='bbox 520 1238 731 1322; x_wconf 84' lang='lat' dir='ltr'><strong>populosque,</strong></span> <span class='ocrx_word' id='word_1_79' title='bbox 757 1239 869 1304; x_wconf 83' lang='lat' dir='ltr'><strong>multis</strong></span> <span class='ocrx_word' id='word_1_80' title='bbox 896 1237 1106 1323; x_wconf 68' lang='lat' dir='ltr'><strong>scriptoribus</strong></span> 
     </span>
     <span class='ocr_line' id='line_1_13' title="bbox 63 1322 1107 1409; baseline 0.002 -25"><span class='ocrx_word' id='word_1_81' title='bbox 63 1332 281 1403; x_wconf 81' lang='lat' dir='ltr'><strong>memoratos,</strong></span> <span class='ocrx_word' id='word_1_82' title='bbox 302 1341 369 1386; x_wconf 90' lang='lat' dir='ltr'><strong>non</strong></span> <span class='ocrx_word' id='word_1_83' title='bbox 383 1323 418 1387; x_wconf 93' lang='lat' dir='ltr'><strong>in</strong></span> <span class='ocrx_word' id='word_1_84' title='bbox 438 1322 714 1404; x_wconf 86' lang='lat' dir='ltr'><strong>comparationem</strong></span> <span class='ocrx_word' id='word_1_85' title='bbox 735 1343 823 1389; x_wconf 85' lang='lat' dir='ltr'><strong>curae</strong></span> <span class='ocrx_word' id='word_1_86' title='bbox 846 1323 1013 1409; x_wconf 78' lang='lat' dir='ltr'><strong>ingeniive</strong></span> <span class='ocrx_word' id='word_1_87' title='bbox 1027 1323 1107 1387; x_wconf 86' lang='lat' dir='ltr'><strong>rele-</strong></span> 
     </span>
     <span class='ocr_line' id='line_1_14' title="bbox 63 1406 1106 1556; baseline -0.003 -81"><span class='ocrx_word' id='word_1_88' title='bbox 63 1427 169 1475; x_wconf 85' lang='lat' dir='ltr'><strong>ram:</strong></span> <span class='ocrx_word' id='word_1_89' title='bbox 191 1406 248 1471; x_wconf 88' lang='lat' dir='ltr'><strong>sed</strong></span> <span class='ocrx_word' id='word_1_90' title='bbox 261 1409 339 1489; x_wconf 87' lang='lat' dir='ltr'><strong>quia</strong></span> <span class='ocrx_word' id='word_1_91' title='bbox 353 1417 423 1471; x_wconf 91' lang='lat' dir='ltr'><strong>tum</strong></span> <span class='ocrx_word' id='word_1_92' title='bbox 440 1407 580 1491; x_wconf 81' lang='lat' dir='ltr'><strong>primum</strong></span> <span class='ocrx_word' id='word_1_93' title='bbox 594 1409 773 1556; x_wconf 50' lang='lat' dir='ltr'><strong>perdomita</strong></span> <span class='ocrx_word' id='word_1_94' title='bbox 785 1417 843 1473; x_wconf 89' lang='lat' dir='ltr'><strong>est.</strong></span> <span class='ocrx_word' id='word_1_95' title='bbox 888 1411 1010 1492; x_wconf 89' lang='lat' dir='ltr'><strong>Itaque,</strong></span> <span class='ocrx_word' id='word_1_96' title='bbox 1031 1426 1106 1490; x_wconf 85' lang='lat' dir='ltr'><strong>qure</strong></span> 
     </span>
     <span class='ocr_line' id='line_1_15' title="bbox 64 1491 1107 1579; baseline 0.002 -24"><span class='ocrx_word' id='word_1_97' title='bbox 64 1494 204 1579; x_wconf 82' lang='lat' dir='ltr'><strong>priores</strong></span> <span class='ocrx_word' id='word_1_98' title='bbox 221 1491 370 1556; x_wconf 87' lang='lat' dir='ltr'><strong>nondum</strong></span> <span class='ocrx_word' id='word_1_99' title='bbox 382 1502 554 1573; x_wconf 85' lang='lat' dir='ltr'><strong>comperta,</strong></span> <span class='ocrx_word' id='word_1_100' title='bbox 577 1495 762 1576; x_wconf 79' lang='lat' dir='ltr'><strong>coquentil</strong></span> <span class='ocrx_word' id='word_1_101' title='bbox 775 1494 972 1577; x_wconf 68' lang='lat' dir='ltr'><strong>percoluere,</strong></span> <span class='ocrx_word' id='word_1_102' title='bbox 994 1512 1107 1557; x_wconf 82' lang='lat' dir='ltr'><strong>rerum</strong></span> 
     </span>
     <span class='ocr_line' id='line_1_16' title="bbox 64 1575 1108 1661; baseline 0 -18"><span class='ocrx_word' id='word_1_103' title='bbox 64 1578 145 1643; x_wconf 87' lang='lat' dir='ltr'><strong>fide</strong></span> <span class='ocrx_word' id='word_1_104' title='bbox 167 1576 343 1640; x_wconf 88' lang='lat' dir='ltr'><strong>tradentur.</strong></span> <span class='ocrx_word' id='word_1_105' title='bbox 387 1575 566 1657; x_wconf 79' lang='lat' dir='ltr'><strong>Britannia,</strong></span> <span class='ocrx_word' id='word_1_106' title='bbox 581 1577 773 1659; x_wconf 84' lang='lat' dir='ltr'><strong>insularum,</strong></span> <span class='ocrx_word' id='word_1_107' title='bbox 794 1599 875 1661; x_wconf 85' lang='lat' dir='ltr'><strong>quas</strong></span> <span class='ocrx_word' id='word_1_108' title='bbox 888 1578 1037 1643; x_wconf 81' lang='lat' dir='ltr'><strong>Romana</strong></span> <span class='ocrx_word' id='word_1_109' title='bbox 1050 1596 1108 1643; x_wconf 91' lang='lat' dir='ltr'><strong>no·</strong></span> 
     </span>
     <span class='ocr_line' id='line_1_17' title="bbox 64 1660 1108 1743; baseline -0.001 -16"><span class='ocrx_word' id='word_1_110' title='bbox 64 1662 149 1728; x_wconf 89' lang='lat' dir='ltr'><strong>titia</strong></span> <span class='ocrx_word' id='word_1_111' title='bbox 164 1660 396 1743; x_wconf 81' lang='lat' dir='ltr'><strong>complectitur,</strong></span> <span class='ocrx_word' id='word_1_112' title='bbox 418 1661 572 1741; x_wconf 84' lang='lat' dir='ltr'><strong>maxima,</strong></span> <span class='ocrx_word' id='word_1_113' title='bbox 594 1662 698 1743; x_wconf 78' lang='lat' dir='ltr'><strong>spatio</strong></span> <span class='ocrx_word' id='word_1_114' title='bbox 719 1683 758 1727; x_wconf 89' lang='lat' dir='ltr'><strong>ac</strong></span> <span class='ocrx_word' id='word_1_115' title='bbox 780 1665 864 1727; x_wconf 85' lang='lat' dir='ltr'><strong>emlo</strong></span> <span class='ocrx_word' id='word_1_116' title='bbox 889 1663 922 1726; x_wconf 92' lang='lat' dir='ltr'><strong>in</strong></span> <span class='ocrx_word' id='word_1_117' title='bbox 938 1664 1108 1726; x_wconf 85' lang='lat' dir='ltr'><strong>Orientem</strong></span> 
     </span>
     <span class='ocr_line' id='line_1_18' title="bbox 68 1744 1106 1829; baseline -0.005 -17"><span class='ocrx_word' id='word_1_118' title='bbox 68 1745 274 1825; x_wconf 83' lang='lat' dir='ltr'><strong>Germaniae,</strong></span> <span class='ocrx_word' id='word_1_119' title='bbox 296 1745 331 1807; x_wconf 90' lang='lat' dir='ltr'><strong>in</strong></span> <span class='ocrx_word' id='word_1_120' title='bbox 350 1744 564 1809; x_wconf 86' lang='lat' dir='ltr'><strong>Occidentem</strong></span> <span class='ocrx_word' id='word_1_121' title='bbox 585 1746 752 1829; x_wconf 72' lang='lat' dir='ltr'><strong>Hispaniae</strong></span> <span class='ocrx_word' id='word_1_122' title='bbox 775 1745 976 1810; x_wconf 85' lang='lat' dir='ltr'><strong>obtenditur:</strong></span> <span class='ocrx_word' id='word_1_123' title='bbox 999 1744 1106 1809; x_wconf 79' lang='lat' dir='ltr'><strong>Gallis</strong></span> 
     </span>
     <span class='ocr_line' id='line_1_19' title="bbox 66 1828 1143 1914; baseline 0.003 -19"><span class='ocrx_word' id='word_1_124' title='bbox 66 1832 109 1895; x_wconf 92' lang='lat' dir='ltr'><strong>in</strong></span> <span class='ocrx_word' id='word_1_125' title='bbox 127 1828 301 1894; x_wconf 88' lang='lat' dir='ltr'><strong>Meridiem</strong></span> <span class='ocrx_word' id='word_1_126' title='bbox 313 1829 411 1893; x_wconf 89' lang='lat' dir='ltr'><strong>etiam</strong></span> <span class='ocrx_word' id='word_1_127' title='bbox 425 1828 615 1911; x_wconf 72' lang='lat' dir='ltr'><strong>inspicitur:</strong></span> <span class='ocrx_word' id='word_1_128' title='bbox 637 1830 923 1914; x_wconf 71' lang='lat' dir='ltr'><strong>septemtrionalia</strong></span> <span class='ocrx_word' id='word_1_129' title='bbox 937 1828 1018 1909; x_wconf 75' lang='lat' dir='ltr'><strong>eJus,</strong></span> <span class='ocrx_word' id='word_1_130' title='bbox 1033 1829 1107 1893; x_wconf 87' lang='lat' dir='ltr'><strong>nnl-</strong></span> <span class='ocrx_word' id='word_1_131' title='bbox 1139 1887 1143 1898; x_wconf 92' lang='lat'>.</span> 
     </span>
     <span class='ocr_line' id='line_1_20' title="bbox 66 1913 1107 1996; baseline -0.006 -14"><span class='ocrx_word' id='word_1_132' title='bbox 66 1917 116 1982; x_wconf 86' lang='lat' dir='ltr'><strong>iis</strong></span> <span class='ocrx_word' id='word_1_133' title='bbox 132 1919 246 1977; x_wconf 85' lang='lat' dir='ltr'><strong>eontra</strong></span> <span class='ocrx_word' id='word_1_134' title='bbox 259 1914 361 1995; x_wconf 88' lang='lat' dir='ltr'><strong>terris,</strong></span> <span class='ocrx_word' id='word_1_135' title='bbox 376 1923 467 1978; x_wconf 85' lang='lat' dir='ltr'><strong>vasto</strong></span> <span class='ocrx_word' id='word_1_136' title='bbox 480 1922 578 1995; x_wconf 89' lang='lat' dir='ltr'><strong>atque</strong></span> <span class='ocrx_word' id='word_1_137' title='bbox 593 1923 703 1995; x_wconf 86' lang='lat' dir='ltr'><strong>aperto</strong></span> <span class='ocrx_word' id='word_1_138' title='bbox 717 1913 798 1979; x_wconf 90' lang='lat' dir='ltr'><strong>mari</strong></span> <span class='ocrx_word' id='word_1_139' title='bbox 812 1914 994 1996; x_wconf 84' lang='lat' dir='ltr'><strong>pulsantur.</strong></span> <span class='ocrx_word' id='word_1_140' title='bbox 1027 1913 1107 1976; x_wconf 86' lang='lat' dir='ltr'><strong>For·</strong></span> 
     </span>
     <span class='ocr_line' id='line_1_21' title="bbox 66 1996 1105 2079; baseline -0.007 -12"><span class='ocrx_word' id='word_1_141' title='bbox 66 2015 167 2067; x_wconf 82' lang='lat' dir='ltr'><strong>mam</strong></span> <span class='ocrx_word' id='word_1_142' title='bbox 181 1998 279 2063; x_wconf 85' lang='lat' dir='ltr'><strong>totins</strong></span> <span class='ocrx_word' id='word_1_143' title='bbox 299 1997 477 2063; x_wconf 83' lang='lat' dir='ltr'><strong>Britanniae</strong></span> <span class='ocrx_word' id='word_1_144' title='bbox 499 1997 617 2063; x_wconf 85' lang='lat' dir='ltr'><strong>Livius</strong></span> <span class='ocrx_word' id='word_1_145' title='bbox 633 2007 788 2079; x_wconf 79' lang='lat' dir='ltr'><strong>veterum,</strong></span> <span class='ocrx_word' id='word_1_146' title='bbox 811 1997 935 2063; x_wconf 85' lang='lat' dir='ltr'><strong>Fabius</strong></span> <span class='ocrx_word' id='word_1_147' title='bbox 949 1996 1105 2063; x_wconf 79' lang='lat' dir='ltr'><strong>Rusticus</strong></span> 
     </span>
     <span class='ocr_line' id='line_1_22' title="bbox 66 2082 1154 2170; baseline -0.003 -20"><span class='ocrx_word' id='word_1_148' title='bbox 66 2083 259 2153; x_wconf 86' lang='lat' dir='ltr'><strong>recentium</strong></span> <span class='ocrx_word' id='word_1_149' title='bbox 280 2082 535 2165; x_wconf 85' lang='lat' dir='ltr'><strong>eloquentissimi</strong></span> <span class='ocrx_word' id='word_1_150' title='bbox 560 2092 717 2164; x_wconf 76' lang='lat' dir='ltr'><strong>auctores,</strong></span> <span class='ocrx_word' id='word_1_151' title='bbox 738 2085 885 2170; x_wconf 79' lang='lat' dir='ltr'><strong>oblonga</strong></span> <span class='ocrx_word' id='word_1_152' title='bbox 900 2084 1038 2148; x_wconf 74' lang='lat' dir='ltr'><strong>acunila</strong></span> <span class='ocrx_word' id='word_1_153' title='bbox 1052 2083 1105 2148; x_wconf 82' lang='lat' dir='ltr'><strong>rel</strong></span> <span class='ocrx_word' id='word_1_154' title='bbox 1149 2112 1154 2125; x_wconf 89' lang='lat'><em>·</em></span> 
     </span>
     <span class='ocr_line' id='line_1_23' title="bbox 67 2166 1106 2253; baseline 0 -20"><span class='ocrx_word' id='word_1_155' title='bbox 67 2167 213 2253; x_wconf 85' lang='lat' dir='ltr'><strong>hipenni</strong></span> <span class='ocrx_word' id='word_1_156' title='bbox 234 2166 485 2232; x_wconf 70' lang='lat' dir='ltr'><strong>assimularam:</strong></span> <span class='ocrx_word' id='word_1_157' title='bbox 508 2177 540 2231; x_wconf 89' lang='lat' dir='ltr'><strong>et</strong></span> <span class='ocrx_word' id='word_1_158' title='bbox 553 2178 602 2230; x_wconf 90' lang='lat' dir='ltr'><strong>est</strong></span> <span class='ocrx_word' id='word_1_159' title='bbox 615 2187 654 2231; x_wconf 90' lang='lat' dir='ltr'><strong>ea</strong></span> <span class='ocrx_word' id='word_1_160' title='bbox 667 2167 768 2232; x_wconf 84' lang='lat' dir='ltr'><strong>facies</strong></span> <span class='ocrx_word' id='word_1_161' title='bbox 787 2167 869 2233; x_wconf 85' lang='lat' dir='ltr'><strong>citra</strong></span> <span class='ocrx_word' id='word_1_162' title='bbox 883 2167 1106 2251; x_wconf 73' lang='lat' dir='ltr'><strong>Caledoniam,</strong></span> 
     </span>
     <span class='ocr_line' id='line_1_24' title="bbox 68 2250 1107 2338; baseline -0.001 -19"><span class='ocrx_word' id='word_1_163' title='bbox 68 2252 168 2319; x_wconf 89' lang='lat' dir='ltr'><strong>unde</strong></span> <span class='ocrx_word' id='word_1_164' title='bbox 183 2262 216 2315; x_wconf 90' lang='lat' dir='ltr'><strong>et</strong></span> <span class='ocrx_word' id='word_1_165' title='bbox 230 2251 264 2314; x_wconf 91' lang='lat' dir='ltr'><strong>in</strong></span> <span class='ocrx_word' id='word_1_166' title='bbox 278 2253 470 2317; x_wconf 86' lang='lat' dir='ltr'><strong>universnm</strong></span> <span class='ocrx_word' id='word_1_167' title='bbox 484 2250 572 2317; x_wconf 86' lang='lat' dir='ltr'><strong>fama</strong></span> <span class='ocrx_word' id='word_1_168' title='bbox 590 2261 641 2314; x_wconf 91' lang='lat' dir='ltr'><strong>est</strong></span> <span class='ocrx_word' id='word_1_169' title='bbox 659 2262 879 2338; x_wconf 78' lang='lat' dir='ltr'><strong>transgressa:</strong></span> <span class='ocrx_word' id='word_1_170' title='bbox 900 2254 957 2318; x_wconf 85' lang='lat' dir='ltr'><strong>sed</strong></span> <span class='ocrx_word' id='word_1_171' title='bbox 970 2254 1107 2318; x_wconf 88' lang='lat' dir='ltr'><strong>immen-</strong></span> 
     </span>
     <span class='ocr_line' id='line_1_25' title="bbox 69 2334 1106 2419; baseline -0.004 -15"><span class='ocrx_word' id='word_1_172' title='bbox 69 2356 155 2404; x_wconf 82' lang='lat' dir='ltr'><strong>sum</strong></span> <span class='ocrx_word' id='word_1_173' title='bbox 168 2343 202 2399; x_wconf 88' lang='lat' dir='ltr'><strong>et</strong></span> <span class='ocrx_word' id='word_1_174' title='bbox 216 2354 348 2400; x_wconf 91' lang='lat' dir='ltr'><strong>enorme</strong></span> <span class='ocrx_word' id='word_1_175' title='bbox 367 2334 508 2419; x_wconf 89' lang='lat' dir='ltr'><strong>spatium</strong></span> <span class='ocrx_word' id='word_1_176' title='bbox 531 2338 791 2418; x_wconf 86' lang='lat' dir='ltr'><strong>procurrentium</strong></span> <span class='ocrx_word' id='word_1_177' title='bbox 808 2346 953 2401; x_wconf 85' lang='lat' dir='ltr'><strong>extremo</strong></span> <span class='ocrx_word' id='word_1_178' title='bbox 972 2335 1041 2417; x_wconf 87' lang='lat' dir='ltr'><strong>jam</strong></span> <span class='ocrx_word' id='word_1_179' title='bbox 1055 2337 1106 2401; x_wconf 84' lang='lat' dir='ltr'><strong>lit·</strong></span> 
     </span>
     <span class='ocr_line' id='line_1_26' title="bbox 68 2421 1107 2500; baseline -0.001 -12"><span class='ocrx_word' id='word_1_180' title='bbox 68 2434 147 2488; x_wconf 86' lang='lat' dir='ltr'><strong>tore</strong></span> <span class='ocrx_word' id='word_1_181' title='bbox 168 2429 335 2500; x_wconf 84' lang='lat' dir='ltr'><strong>terrarum,</strong></span> <span class='ocrx_word' id='word_1_182' title='bbox 358 2423 449 2485; x_wconf 81' lang='lat' dir='ltr'><strong>velut</strong></span> <span class='ocrx_word' id='word_1_183' title='bbox 470 2421 506 2482; x_wconf 95' lang='lat' dir='ltr'><strong>in</strong></span> <span class='ocrx_word' id='word_1_184' title='bbox 526 2438 671 2484; x_wconf 73' lang='lat' dir='ltr'><strong>cunerem</strong></span> <span class='ocrx_word' id='word_1_185' title='bbox 693 2429 854 2486; x_wconf 87' lang='lat' dir='ltr'><strong>tenuatur.</strong></span> <span class='ocrx_word' id='word_1_186' title='bbox 899 2422 994 2485; x_wconf 88' lang='lat' dir='ltr'><strong>Hanc</strong></span> <span class='ocrx_word' id='word_1_187' title='bbox 1017 2440 1107 2487; x_wconf 77' lang='lat' dir='ltr'><strong>oram</strong></span> 
     </span>
     <span class='ocr_line' id='line_1_27' title="bbox 69 2504 1107 2600; baseline -0.003 -26"><span class='ocrx_word' id='word_1_188' title='bbox 69 2504 250 2574; x_wconf 77' lang='lat' dir='ltr'><strong>novissimi</strong></span> <span class='ocrx_word' id='word_1_189' title='bbox 273 2506 371 2568; x_wconf 89' lang='lat' dir='ltr'><strong>maris</strong></span> <span class='ocrx_word' id='word_1_190' title='bbox 393 2516 474 2567; x_wconf 91' lang='lat' dir='ltr'><strong>tunc</strong></span> <span class='ocrx_word' id='word_1_191' title='bbox 497 2504 639 2600; x_wconf 74' lang='lat' dir='ltr'><strong>primum</strong></span> <span class='ocrx_word' id='word_1_192' title='bbox 659 2505 808 2570; x_wconf 78' lang='lat' dir='ltr'><strong>Romana</strong></span> <span class='ocrx_word' id='word_1_193' title='bbox 830 2505 943 2569; x_wconf 84' lang='lat' dir='ltr'><strong>classis</strong></span> <span class='ocrx_word' id='word_1_194' title='bbox 968 2506 1107 2571; x_wconf 88' lang='lat' dir='ltr'><strong>circum-</strong></span> 
     </span>
     <span class='ocr_line' id='line_1_28' title="bbox 69 2588 1107 2670; baseline -0.001 -13"><span class='ocrx_word' id='word_1_195' title='bbox 69 2600 183 2668; x_wconf 80' lang='lat' dir='ltr'><strong>recta,</strong></span> <span class='ocrx_word' id='word_1_196' title='bbox 205 2589 346 2653; x_wconf 85' lang='lat' dir='ltr'><strong>insulam</strong></span> <span class='ocrx_word' id='word_1_197' title='bbox 365 2607 435 2653; x_wconf 87' lang='lat' dir='ltr'><strong>esse</strong></span> <span class='ocrx_word' id='word_1_198' title='bbox 457 2588 662 2654; x_wconf 77' lang='lat' dir='ltr'><strong>Britanniam</strong></span> <span class='ocrx_word' id='word_1_199' title='bbox 681 2589 864 2670; x_wconf 84' lang='lat' dir='ltr'><strong>affirmavit,</strong></span> <span class='ocrx_word' id='word_1_200' title='bbox 885 2610 924 2655; x_wconf 91' lang='lat' dir='ltr'><strong>ac</strong></span> <span class='ocrx_word' id='word_1_201' title='bbox 943 2590 1042 2655; x_wconf 89' lang='lat' dir='ltr'><strong>simul</strong></span> <span class='ocrx_word' id='word_1_202' title='bbox 1058 2590 1107 2656; x_wconf 92' lang='lat' dir='ltr'><strong>in·</strong></span> 
     </span>
     <span class='ocr_line' id='line_1_29' title="bbox 70 2672 1107 2760; baseline 0.001 -20"><span class='ocrx_word' id='word_1_203' title='bbox 70 2675 227 2760; x_wconf 83' lang='lat' dir='ltr'><strong>cognitas</strong></span> <span class='ocrx_word' id='word_1_204' title='bbox 241 2672 281 2736; x_wconf 87' lang='lat' dir='ltr'><strong>ad</strong></span> <span class='ocrx_word' id='word_1_205' title='bbox 296 2673 330 2738; x_wconf 86' lang='lat' dir='ltr'><strong>id</strong></span> <span class='ocrx_word' id='word_1_206' title='bbox 344 2683 471 2756; x_wconf 87' lang='lat' dir='ltr'><strong>tempus</strong></span> <span class='ocrx_word' id='word_1_207' title='bbox 492 2672 628 2753; x_wconf 86' lang='lat' dir='ltr'><strong>insulas,</strong></span> <span class='ocrx_word' id='word_1_208' title='bbox 649 2693 732 2756; x_wconf 88' lang='lat' dir='ltr'><strong>quas</strong></span> <span class='ocrx_word' id='word_1_209' title='bbox 754 2673 899 2739; x_wconf 86' lang='lat' dir='ltr'><strong>Orcadas</strong></span> <span class='ocrx_word' id='word_1_210' title='bbox 916 2686 1044 2758; x_wconf 81' lang='lat' dir='ltr'><strong>vocant,</strong></span> <span class='ocrx_word' id='word_1_211' title='bbox 1057 2674 1107 2741; x_wconf 90' lang='lat' dir='ltr'><strong>in·</strong></span> 
     </span>
     <span class='ocr_line' id='line_1_30' title="bbox 71 2757 1106 2844; baseline 0.002 -19"><span class='ocrx_word' id='word_1_212' title='bbox 71 2758 171 2825; x_wconf 84' lang='lat' dir='ltr'><strong>venit</strong></span> <span class='ocrx_word' id='word_1_213' title='bbox 184 2758 383 2841; x_wconf 83' lang='lat' dir='ltr'><strong>domuitque.</strong></span> <span class='ocrx_word' id='word_1_214' title='bbox 426 2757 582 2840; x_wconf 88' lang='lat' dir='ltr'><strong>Dispecta</strong></span> <span class='ocrx_word' id='word_1_215' title='bbox 599 2770 648 2821; x_wconf 85' lang='lat' dir='ltr'><strong>est</strong></span> <span class='ocrx_word' id='word_1_216' title='bbox 666 2769 698 2823; x_wconf 91' lang='lat' dir='ltr'><strong>et</strong></span> <span class='ocrx_word' id='word_1_217' title='bbox 719 2759 832 2825; x_wconf 83' lang='lat' dir='ltr'><strong>Thule</strong></span> <span class='ocrx_word' id='word_1_218' title='bbox 846 2759 1106 2844; x_wconf 75' lang='lat' dir='ltr'><strong>quidamtenus:</strong></span> 
     </span>
     <span class='ocr_line' id='line_1_31' title="bbox 72 2842 1108 2930; baseline 0 -20"><span class='ocrx_word' id='word_1_219' title='bbox 72 2843 139 2910; x_wconf 87' lang='lat' dir='ltr'><strong>nix</strong></span> <span class='ocrx_word' id='word_1_220' title='bbox 156 2851 189 2905; x_wconf 89' lang='lat' dir='ltr'><strong>et</strong></span> <span class='ocrx_word' id='word_1_221' title='bbox 209 2844 324 2924; x_wconf 84' lang='lat' dir='ltr'><strong>hyems</strong></span> <span class='ocrx_word' id='word_1_222' title='bbox 344 2844 531 2925; x_wconf 85' lang='lat' dir='ltr'><strong>appetebat3</strong></span> <span class='ocrx_word' id='word_1_223' title='bbox 554 2842 612 2906; x_wconf 86' lang='lat' dir='ltr'><strong>sed</strong></span> <span class='ocrx_word' id='word_1_224' title='bbox 632 2864 721 2908; x_wconf 88' lang='lat' dir='ltr'><strong>mare</strong></span> <span class='ocrx_word' id='word_1_225' title='bbox 739 2845 871 2930; x_wconf 84' lang='lat' dir='ltr'><strong>pigrum</strong></span> <span class='ocrx_word' id='word_1_226' title='bbox 888 2856 920 2909; x_wconf 89' lang='lat' dir='ltr'><strong>et</strong></span> <span class='ocrx_word' id='word_1_227' title='bbox 996 2866 1036 2910; x_wconf 86' lang='lat' dir='ltr'><strong>ve</strong></span> <span class='ocrx_word' id='word_1_228' title='bbox 1059 2865 1108 2909; x_wconf 90' lang='lat' dir='ltr'><strong>re·</strong></span> 
     </span>
     <span class='ocr_line' id='line_1_32' title="bbox 73 2927 1107 3012; baseline 0.003 -23"><span class='ocrx_word' id='word_1_229' title='bbox 73 2928 277 3012; x_wconf 65' lang='lat' dir='ltr'><strong>migrantibus</strong></span> <span class='ocrx_word' id='word_1_230' title='bbox 290 2948 298 2989; x_wconf 74' lang='grc' dir='ltr'><em>τ</em></span> <span class='ocrx_word' id='word_1_231' title='bbox 321 2927 497 3009; x_wconf 87' lang='lat' dir='ltr'><strong>perhibent,</strong></span> <span class='ocrx_word' id='word_1_232' title='bbox 513 2946 555 2990; x_wconf 92' lang='lat' dir='ltr'><strong>ne</strong></span> <span class='ocrx_word' id='word_1_233' title='bbox 570 2927 676 2991; x_wconf 88' lang='lat' dir='ltr'><strong>ventis</strong></span> <span class='ocrx_word' id='word_1_234' title='bbox 689 2929 823 3012; x_wconf 91' lang='lat' dir='ltr'><strong>quidem</strong></span> <span class='ocrx_word' id='word_1_235' title='bbox 836 2929 928 3011; x_wconf 90' lang='lat' dir='ltr'><strong>perin</strong></span> <span class='ocrx_word' id='word_1_236' title='bbox 951 2950 969 2993; x_wconf 89' lang='lat' dir='ltr'><strong>e</strong></span> <span class='ocrx_word' id='word_1_237' title='bbox 983 2927 1107 2992; x_wconf 76' lang='lat' dir='ltr'><strong>attollit</strong></span> 
     </span>
     <span class='ocr_line' id='line_1_33' title="bbox 72 3009 1107 3095; baseline -0.003 -17"><span class='ocrx_word' id='word_1_238' title='bbox 72 3012 185 3090; x_wconf 86' lang='lat' dir='ltr'><strong>credo,</strong></span> <span class='ocrx_word' id='word_1_239' title='bbox 206 3009 294 3093; x_wconf 77' lang='lat' dir='ltr'><strong>quod</strong></span> <span class='ocrx_word' id='word_1_240' title='bbox 309 3012 445 3075; x_wconf 88' lang='lat' dir='ltr'><strong>rariores</strong></span> <span class='ocrx_word' id='word_1_241' title='bbox 465 3021 558 3073; x_wconf 79' lang='lat' dir='ltr'><strong>terrae</strong></span> <span class='ocrx_word' id='word_1_242' title='bbox 577 3022 775 3095; x_wconf 88' lang='lat' dir='ltr'><strong>montesque,</strong></span> <span class='ocrx_word' id='word_1_243' title='bbox 798 3032 899 3076; x_wconf 78' lang='lat' dir='ltr'><strong>carisa</strong></span> <span class='ocrx_word' id='word_1_244' title='bbox 918 3031 957 3075; x_wconf 87' lang='lat' dir='ltr'><strong>ac</strong></span> <span class='ocrx_word' id='word_1_245' title='bbox 971 3010 1107 3075; x_wconf 85' lang='lat' dir='ltr'><strong>materia</strong></span> 
     </span>
     <span class='ocr_line' id='line_1_34' title="bbox 73 3093 1107 3178; baseline -0.001 -17"><span class='ocrx_word' id='word_1_246' title='bbox 73 3106 315 3178; x_wconf 86' lang='lat' dir='ltr'><strong>tempestatum,</strong></span> <span class='ocrx_word' id='word_1_247' title='bbox 338 3105 370 3159; x_wconf 89' lang='lat' dir='ltr'><strong>et</strong></span> <span class='ocrx_word' id='word_1_248' title='bbox 392 3093 555 3177; x_wconf 84' lang='lat' dir='ltr'><strong>profunda</strong></span> <span class='ocrx_word' id='word_1_249' title='bbox 574 3096 676 3158; x_wconf 90' lang='lat' dir='ltr'><strong>moles</strong></span> <span class='ocrx_word' id='word_1_250' title='bbox 699 3095 846 3160; x_wconf 91' lang='lat' dir='ltr'><strong>continui</strong></span> <span class='ocrx_word' id='word_1_251' title='bbox 868 3096 965 3161; x_wconf 86' lang='lat' dir='ltr'><strong>maris</strong></span> <span class='ocrx_word' id='word_1_252' title='bbox 986 3094 1107 3160; x_wconf 73' lang='lat' dir='ltr'><strong>tamiris</strong></span> 
     </span>
     <span class='ocr_line' id='line_1_35' title="bbox 75 3177 1107 3277; baseline 0.001 -31"><span class='ocrx_word' id='word_1_253' title='bbox 75 3181 270 3277; x_wconf 86' lang='lat' dir='ltr'><strong>impellitur.</strong></span> <span class='ocrx_word' id='word_1_254' title='bbox 314 3181 475 3245; x_wconf 84' lang='lat' dir='ltr'><strong>Naturam</strong></span> <span class='ocrx_word' id='word_1_255' title='bbox 490 3177 614 3241; x_wconf 88' lang='lat' dir='ltr'><strong>Oceani</strong></span> <span class='ocrx_word' id='word_1_256' title='bbox 629 3189 726 3261; x_wconf 89' lang='lat' dir='ltr'><strong>atque</strong></span> <span class='ocrx_word' id='word_1_257' title='bbox 741 3180 835 3244; x_wconf 78' lang='lat' dir='ltr'><strong>astris</strong></span> <span class='ocrx_word' id='word_1_258' title='bbox 847 3198 954 3263; x_wconf 89' lang='lat' dir='ltr'><strong>neque</strong></span> <span class='ocrx_word' id='word_1_259' title='bbox 964 3199 1107 3262; x_wconf 79' lang='lat' dir='ltr'><strong>quarem</strong></span> 
     </span>
     <span class='ocr_line' id='line_1_36' title="bbox 75 3262 1108 3347; baseline 0.004 -18"><span class='ocrx_word' id='word_1_260' title='bbox 75 3266 181 3346; x_wconf 73' lang='lat' dir='ltr'><strong>hujus</strong></span> <span class='ocrx_word' id='word_1_261' title='bbox 203 3264 309 3347; x_wconf 88' lang='lat' dir='ltr'><strong>operis</strong></span> <span class='ocrx_word' id='word_1_262' title='bbox 333 3273 390 3342; x_wconf 87' lang='lat' dir='ltr'><strong>est,</strong></span> <span class='ocrx_word' id='word_1_263' title='bbox 413 3283 452 3326; x_wconf 90' lang='lat' dir='ltr'><strong>ac</strong></span> <span class='ocrx_word' id='word_1_264' title='bbox 477 3262 573 3327; x_wconf 90' lang='lat' dir='ltr'><strong>multi</strong></span> <span class='ocrx_word' id='word_1_265' title='bbox 596 3266 756 3330; x_wconf 71' lang='lat' dir='ltr'><strong>retulere:</strong></span> <span class='ocrx_word' id='word_1_266' title='bbox 777 3284 885 3328; x_wconf 88' lang='lat' dir='ltr'><strong>unum</strong></span> <span class='ocrx_word' id='word_1_267' title='bbox 908 3264 1108 3336; x_wconf 77' lang='lat' dir='ltr'><strong>addiderim:</strong></span> 
     </span>
     <span class='ocr_line' id='line_1_37' title="bbox 76 3346 1108 3432; baseline 0.003 -17"><span class='ocrx_word' id='word_1_268' title='bbox 76 3368 247 3432; x_wconf 84' lang='lat' dir='ltr'><strong>nusquam</strong></span> <span class='ocrx_word' id='word_1_269' title='bbox 272 3350 366 3413; x_wconf 82' lang='lat' dir='ltr'><strong>latius</strong></span> <span class='ocrx_word' id='word_1_270' title='bbox 385 3346 547 3412; x_wconf 88' lang='lat' dir='ltr'><strong>dominari</strong></span> <span class='ocrx_word' id='word_1_271' title='bbox 568 3367 666 3431; x_wconf 87' lang='lat' dir='ltr'><strong>mare,</strong></span> <span class='ocrx_word' id='word_1_272' title='bbox 688 3350 830 3417; x_wconf 88' lang='lat' dir='ltr'><strong>multum</strong></span> <span class='ocrx_word' id='word_1_273' title='bbox 850 3350 1026 3415; x_wconf 85' lang='lat' dir='ltr'><strong>fluminum</strong></span> <span class='ocrx_word' id='word_1_274' title='bbox 1039 3351 1108 3418; x_wconf 89' lang='lat' dir='ltr'><strong>hnc</strong></span> 
     </span>
     <span class='ocr_line' id='line_1_38' title="bbox 76 3431 1108 3517; baseline 0.002 -20"><span class='ocrx_word' id='word_1_275' title='bbox 76 3443 175 3517; x_wconf 86' lang='lat' dir='ltr'><strong>atque</strong></span> <span class='ocrx_word' id='word_1_276' title='bbox 196 3433 277 3497; x_wconf 89' lang='lat' dir='ltr'><strong>illuc</strong></span> <span class='ocrx_word' id='word_1_277' title='bbox 291 3433 383 3513; x_wconf 85' lang='lat' dir='ltr'><strong>ferre,</strong></span> <span class='ocrx_word' id='word_1_278' title='bbox 405 3451 467 3496; x_wconf 89' lang='lat' dir='ltr'><strong>nec</strong></span> <span class='ocrx_word' id='word_1_279' title='bbox 487 3431 593 3498; x_wconf 90' lang='lat' dir='ltr'><strong>littore</strong></span> <span class='ocrx_word' id='word_1_280' title='bbox 614 3449 709 3500; x_wconf 88' lang='lat' dir='ltr'><strong>tenus</strong></span> <span class='ocrx_word' id='word_1_281' title='bbox 731 3455 914 3500; x_wconf 85' lang='lat' dir='ltr'><strong>accrescere</strong></span> <span class='ocrx_word' id='word_1_282' title='bbox 936 3444 992 3499; x_wconf 89' lang='lat' dir='ltr'><strong>aut</strong></span> <span class='ocrx_word' id='word_1_283' title='bbox 1007 3454 1108 3499; x_wconf 86' lang='lat' dir='ltr'><strong>resor-</strong></span> 
     </span>
     <span class='ocr_line' id='line_1_39' title="bbox 75 3516 1109 3606; baseline -0.001 -23"><span class='ocrx_word' id='word_1_284' title='bbox 75 3519 157 3598; x_wconf 90' lang='lat' dir='ltr'><strong>beri,</strong></span> <span class='ocrx_word' id='word_1_285' title='bbox 172 3517 229 3582; x_wconf 83' lang='lat' dir='ltr'><strong>sed</strong></span> <span class='ocrx_word' id='word_1_286' title='bbox 244 3517 380 3582; x_wconf 87' lang='lat' dir='ltr'><strong>influere</strong></span> <span class='ocrx_word' id='word_1_287' title='bbox 394 3516 523 3601; x_wconf 90' lang='lat' dir='ltr'><strong>penitus</strong></span> <span class='ocrx_word' id='word_1_288' title='bbox 538 3528 633 3602; x_wconf 90' lang='lat' dir='ltr'><strong>atque</strong></span> <span class='ocrx_word' id='word_1_289' title='bbox 647 3521 779 3603; x_wconf 86' lang='lat' dir='ltr'><strong>ambire,</strong></span> <span class='ocrx_word' id='word_1_290' title='bbox 798 3532 830 3585; x_wconf 91' lang='lat' dir='ltr'><strong>et</strong></span> <span class='ocrx_word' id='word_1_291' title='bbox 846 3520 936 3606; x_wconf 86' lang='lat' dir='ltr'><strong>jugis</strong></span> <span class='ocrx_word' id='word_1_292' title='bbox 949 3519 1050 3582; x_wconf 80' lang='lat' dir='ltr'><strong>etiam</strong></span> <span class='ocrx_word' id='word_1_293' title='bbox 1063 3532 1109 3582; x_wconf 80' lang='lat' dir='ltr'><strong>at·</strong></span> 
     </span>
     <span class='ocr_line' id='line_1_40' title="bbox 77 3601 681 3687; baseline 0.007 -21"><span class='ocrx_word' id='word_1_294' title='bbox 77 3621 144 3687; x_wconf 91' lang='lat' dir='ltr'><strong>que</strong></span> <span class='ocrx_word' id='word_1_295' title='bbox 159 3603 324 3668; x_wconf 87' lang='lat' dir='ltr'><strong>montibus</strong></span> <span class='ocrx_word' id='word_1_296' title='bbox 338 3601 438 3665; x_wconf 85' lang='lat' dir='ltr'><strong>inseri</strong></span> <span class='ocrx_word' id='word_1_297' title='bbox 454 3603 545 3666; x_wconf 86' lang='lat' dir='ltr'><strong>velut</strong></span> <span class='ocrx_word' id='word_1_298' title='bbox 560 3603 593 3668; x_wconf 91' lang='lat' dir='ltr'><strong>in</strong></span> <span class='ocrx_word' id='word_1_299' title='bbox 611 3625 681 3671; x_wconf 89' lang='lat' dir='ltr'><strong>suo.</strong></span> 
     </span>
    </p>
   </div>
   <div class='ocr_carea' id='block_1_3' title="bbox 38 3676 1109 3877">
    <p class='ocr_par' dir='ltr' id='par_1_4' title="bbox 38 3676 1109 3877">
     <span class='ocr_line' id='line_1_41' title="bbox 38 3676 1109 3877; baseline -0.015 -122"><span class='ocrx_word' id='word_1_300' title='bbox 38 3687 186 3877; x_wconf 19' lang='lat' dir='ltr'><strong>&amp;XL</strong></span> <span class='ocrx_word' id='word_1_301' title='bbox 210 3688 370 3772; x_wconf 75' lang='lat' dir='ltr'><strong>Ceterum,</strong></span> <span class='ocrx_word' id='word_1_302' title='bbox 387 3685 593 3753; x_wconf 86' lang='lat' dir='ltr'><strong>Britanniam</strong></span> <span class='ocrx_word' id='word_1_303' title='bbox 600 3690 659 3773; x_wconf 90' lang='lat' dir='ltr'><strong>qui</strong></span> <span class='ocrx_word' id='word_1_304' title='bbox 673 3687 826 3754; x_wconf 89' lang='lat' dir='ltr'><strong>mortales</strong></span> <span class='ocrx_word' id='word_1_305' title='bbox 836 3684 931 3750; x_wconf 89' lang='lat' dir='ltr'><strong>initio</strong></span> <span class='ocrx_word' id='word_1_306' title='bbox 940 3676 1109 3758; x_wconf 88' lang='lat' dir='ltr'><strong>coluerint,</strong></span> 
     </span>
    </p>
   </div>
   <div class='ocr_carea' id='block_1_4' title="bbox 0 0 1210 4050">
    <p class='ocr_par' dir='ltr' id='par_1_5' title="bbox 0 0 1210 4050">
     <span class='ocr_line' id='line_1_42' title="bbox 0 0 1210 4050; baseline 0 0"><span class='ocrx_word' id='word_1_307' title='bbox 0 0 1210 4050; x_wconf 95' lang='lat' dir='ltr'><strong> </strong></span> 
     </span>
    </p>
   </div>
  </div>
 </body>
</html>
