2392 4050
27 242 29 249 ,
99 145 143 210 28
442 145 480 208 0.
495 146 605 211 Coss.
621 144 757 210 'Pacrsr
916 144 969 234 [A.
983 145 1023 210 U.
1037 144 1120 209 822

98 318 246 404 legionis,
275 317 404 384 Nonius
428 316 513 382 llaec
535 326 597 399 tus,
621 317 781 381 Donatius
804 317 932 400 Valens,
956 315 1120 382 Romilius

98 403 282 484 Marcellus,
298 405 493 489 Calpurnius
556 403 806 485 pentiuus,ci1m
824 413 1024 500 protegerent
1038 403 1120 467 Gal-

97 489 145 556 bae
173 488 340 577 imagines,
368 489 490 572 impetu
512 489 657 553 militum
678 488 799 572 abrepti
826 489 1002 573 vinctique.
1045 487 1120 552 Noc

97 575 251 659 cuiquam
263 575 350 639 ultra
363 573 443 638 fides
457 583 514 639 aut
527 573 681 639 memoria
717 575 808 640 rioris
822 573 1015 640 sacramenti
1021 568 1119 677 psed,

96 661 186 813 quod
199 660 237 727 in
256 658 465 725 seditionibus
489 658 615 740 accidit,
637 595 726 725 aufe
748 662 856 743 plures
880 671 979 740 erant,
1002 678 1120 723 omnes

113 748 201 812 uere.
243 744 357 826 Nocte,
371 765 443 830 qum
458 743 623 811 Kalendas
638 745 809 811 lanuarias
822 756 935 815 secuta
942 755 999 824 eet,
1014 744 1048 809 in
1064 764 1120 809 co

97 832 221 896 leniam
235 830 505 917 Agrippinensem
519 829 668 914 aquilifer
681 841 803 915 quarte
818 831 956 917 legionis
970 829 1120 913 epulanti

97 916 228 982 Vitellio
250 916 388 997 nuntiet,
405 924 570 1001 ‘quartam
590 926 623 981 et
646 915 942 988 duodevicesimam
963 916 1121 1000 legiones,

99 1000 249 1086 projectis
264 1003 377 1069 Galbae
392 1001 597 1087 imaginibus,
607 1001 643 1066 in
657 1003 794 1068 senates
804 1012 835 1067 et
847 1003 965 1086 Populi
976 1001 1120 1067 Romani

96 1088 196 1152 verba
206 1086 351 1170 jurasse?
395 1076 1120 1239 ldsacrameutuminanevisumagoccupari

96 1183 264 1238 nutantem
275 1175 465 1252 Fortunam,
479 1182 511 1236 et
529 1171 637 1237 offerri
649 1173 841 1257 Principem'
855 1175 927 1257 plac
952 1173 1002 1259 it,
1028 1171 1120 1237 Missi

63 1306 66 1313 .
97 1258 257 1325 aVitallio
270 1259 312 1323 ad
326 1258 469 1344 legiones
484 1258 696 1344 Legatosque,
706 1259 763 1343 qui
779 1258 970 1324 ‘descivisse
981 1257 1122 1322 aGalbei

96 1343 296 1428 superiorem
309 1345 504 1425 exercitum,’
519 1344 725 1412 nuntiarent:
750 1344 900 1428 ‘proinde
919 1354 975 1409 aut
996 1344 1123 1408 bellan-

96 1429 177 1495 dum
190 1429 342 1495 adversis
356 1428 577 1512 desciscentes,
592 1442 658 1513 aut,
671 1432 700 1495 si
714 1430 888 1496 concordia
910 1439 942 1494 et
964 1449 1030 1512 pax
1052 1431 1122 1512 pla·

97 1525 176 1596 caat,
191 1514 376 1583 faciendum
386 1516 635 1598 Imperatorem:
655 1528 688 1582 et
701 1516 825 1582 minora
836 1514 1021 1582 discrimine
1032 1511 1122 1580 sumi
1187 1532 1188 1549 ¹

99 1599 293 1684 Principem,
307 1602 405 1686 quim
417 1599 539 1684 quaeri.²

95 1756 98 1761 ,
140 1685 242 1752 LVII.
265 1686 419 1766 Proxima
429 1685 566 1770 legionis
576 1686 688 1769 prima
700 1687 845 1771 hyberna
858 1695 959 1766 erant,
971 1696 1002 1749 et
1012 1703 1121 1768 prom·
1187 1736 1188 1749 ,

42 1784 45 1791 ’
97 1771 241 1841 tissimus
254 1791 273 1836 a
288 1773 416 1858 legatis
431 1773 554 1837 Fabius
569 1773 700 1838 Valens.
742 1773 775 1837 Is
789 1771 843 1836 die
856 1785 982 1854 postero
997 1770 1121 1835 coloni·
1187 1806 1188 1849 ,

98 1877 154 1921 am
180 1858 450 1947 Agrippinensem
477 1877 555 1922 cum
582 1858 745 1942 equitibus
767 1857 904 1954 legionis
932 1855 1121 1921 auxiliario
1187 1854 1188 1881 ¹

98 1961 235 2028 ruraque
254 1943 428 2031 ingressus,
445 1943 688 2029 Imperatorem
702 1944 871 2011 Vitellium
892 1940 1121 2008 consalutauit.

98 2030 224 2095 Secuta
247 2029 567 2114 ingentiqpertamine
588 2028 734 2109 ejusdam
757 2029 929 2114 provincia
954 2028 1120 2114 legiones:

97 2125 131 2178 et
156 2113 300 2198 superior
322 2113 490 2193 exercitus,
513 2114 665 2197 speciosis
689 2115 826 2180 Senatirs
852 2115 1032 2198 Populique
1055 2112 1121 2177 aa

97 2199 187 2263 mani
200 2198 388 2263 nominibus
399 2197 529 2279 relictis,
538 2198 667 2263 tertium
681 2200 793 2265 Nonas
805 2200 976 2266 lanuarias
988 2197 1119 2263 Vitellio

98 2283 252 2349 accessit:
274 2283 373 2349 scires
387 2282 483 2349 illurn
497 2283 602 2369 priore
618 2284 715 2350 biduo
730 2305 797 2350 non
811 2305 911 2369 penas
934 2283 1121 2368 Rempubli-

98 2388 172 2434 cam
192 2367 302 2435 fuisse.
345 2367 504 2435 Ardorera
524 2369 729 2436 exercituum
749 2370 1012 2457 Agrippinenses,
1040 2369 1120 2434 'I'rc-

97 2452 176 2534 veri,
185 2453 351 2543 Lingones
364 2454 542 2538 aequabant,
556 2455 708 2537 ‘auxilia
719 2475 830 2539 equos,
844 2476 942 2535 arma,
953 2455 1120 2539 pecunias'
1182 2487 1183 2510 i

99 2540 277 2620 offerentes,
290 2549 329 2606 ut
348 2540 484 2624 quisque
509 2559 653 2624 corpore,
677 2542 802 2625 opibus,
825 2541 957 2627 ingenio
979 2541 1119 2607 validus.
1180 2575 1183 2614 ,

100 2624 170 2690 Nec
182 2624 343 2710 principes
357 2625 453 2692 modb
479 2626 685 2691 coloniarum
707 2637 764 2691 aut
788 2637 977 2706 castrorum,
999 2625 1120 2709 quibus
1180 2679 1181 2714 ,

99 2710 270 2794 praesentia
281 2731 323 2777 ax
337 2710 483 2778 affluenti
498 2721 530 2775 at
543 2711 634 2794 parti
648 2712 785 2778 victorii
799 2732 926 2799 magnae
947 2732 1038 2796 spes:
1064 2709 1120 2775 sed

99 2795 260 2881 manipuli
273 2816 402 2881 quoque
416 2808 448 2860 et
462 2796 630 2883 gregarius
643 2798 736 2863 miles
751 2797 871 2875 viatica
884 2808 986 2862 suaet
999 2798 1121 2862 balteos
1179 2789 1180 2816 ¹

29 2957 35 2964 ⁶
99 2880 322 2967 phalerisque,
337 2881 480 2969 iusignia
493 2902 659 2949 armorum
673 2892 807 2970 argento
828 2883 952 2963 decora,
975 2884 1048 2947 loco
1069 2901 1122 2967 pe·

168 2966 208 3033 iae
221 2968 405 3052 tradebant3
429 2967 585 3035 instinctu
598 2979 630 3037 et
644 2969 766 3054 impetu
779 2983 811 3035 et
823 2968 968 3033 avaritiis.
1177 3003 1178 3010 κ

40 2985 263 3203 affirm,
285 3055 299 3120 l
324 3054 397 3135 itur,
425 3053 555 3119 laudati
584 3054 727 3120 rnilitum
756 3055 930 3136 alacritate,
961 3052 1119 3131 Vitellius,
1176 3103 1177 3122 r

137 3138 278 3205 ’nisteria
292 3075 504 3223 irruebatis,
518 3159 575 3224 per
589 3141 718 3206 libertos
733 3141 785 3226 agi
808 3141 911 3220 solia,
926 3140 961 3203 in
983 3138 1118 3222 Equites

101 3223 266 3292 Romanos
293 3225 452 3310 disponit:
481 3225 668 3290 vacationes
693 3225 946 3292 centurionibus
971 3244 1014 3288 ex
1043 3224 1120 3308 fisco

101 3320 268 3375 numerat:
290 3310 447 3376 sevitiam
461 3310 611 3392 militum,
633 3312 801 3395 plerosque
823 3311 864 3375 ad
885 3328 1013 3393 prauam
1025 3327 1118 3393 expo·

101 3394 271 3474 acontium,
293 3396 406 3479 sepius
429 3396 590 3479 approbat,
611 3397 728 3478 partim
749 3395 956 3462 simulatione
974 3395 1122 3458 vinculo-

101 3478 369 3571 rumfrustratur.
413 3479 585 3562 Pompeius
607 3480 823 3564 Propinquus,
843 3483 1035 3546 Procurator
1049 3480 1121 3548 Bel.

102 3579 194 3656 grase,
206 3565 314 3627 statim
327 3564 520 3629 interfectus.
564 3565 692 3630 iulium
706 3565 902 3645 Burdonem,
919 3566 1117 3635 Germanicae

103 3644 213 3710 classes
229 3647 427 3731 Praefectum,
442 3658 513 3714 astu
528 3650 695 3716 subtraxit
739 3650 914 3719 Exarserat
926 3652 961 3719 in
973 3669 1050 3720 eum
1060 3650 1119 3718 ira·
