2392 4050
68 192 108 261 A.
122 195 156 259 0.
171 194 236 285 aa]
366 192 516 259 Hrs‘ron.
529 189 610 258 Lis.
625 192 776 259 Parmos.
981 160 985 167 .
1030 194 1072 260 37

68 384 140 431 rum
152 356 267 432 hondri
281 385 324 430 ne
338 365 488 431 Vitellius
507 364 640 450 quidem
658 366 761 430 vietor
781 364 967 430 interoessit.
1009 367 1075 433 Sed

67 452 151 517 Otho
169 450 381 518 Pontificatus
402 453 652 537 Auguratusqne
674 451 836 516 honoratis
854 449 923 532 jam
943 451 1073 518 senibus

66 540 233 618 cumulum
245 537 411 623 dignitatis
425 536 566 602 addidit:
588 548 620 602 et
641 556 751 602 reeens
765 538 806 601 ab
819 536 918 600 exilio
932 556 1074 603 reversos

66 623 188 688 nobiles
207 623 463 688 adolescentulos
485 623 578 687 avitis
600 642 639 686 ao
657 624 796 707 paternis
815 621 1015 704 sacerdotiis,
1038 623 1073 689 in

66 709 222 789 solatium,
237 708 380 773 recoluit.
424 707 580 773 Redditus
606 707 706 773 Cadio
721 707 815 788 Rufo,
841 707 941 773 Pedio
958 709 1074 790 Blaeso,

65 793 186 858 Sevino
200 795 348 859 Pomtino
361 793 549 860 senatorius
562 796 662 874 locus,
677 795 733 877 qui
752 792 1002 878 repetundarum
1015 794 1074 859 cri·
1169 798 1171 809 '

66 877 204 944 minibus
217 880 279 945 sub
295 879 433 945 Claudio
447 900 485 943 aa
506 880 632 945 Nerone
654 876 843 944 ceciderant.
886 880 1014 945 Placuit
1027 880 1074 968 ig·
1171 904 1173 925 ,

66 966 276 1048 noscentibus,
296 984 390 1030 verso
411 965 551 1045 nomine,
574 964 662 1048 quod
685 965 818 1030 avaritia
835 963 949 1045 fuerat,
970 965 1073 1032 videri

42 1125 48 1137 ι
64 1048 275 1131 majestatem:
298 1050 392 1157 eujus
406 1061 476 1116 tum
486 1049 560 1148 odio
574 1050 671 1149 etiam
684 1050 776 1147 bonae
788 1052 874 1137 leges
888 1053 1042 1135 peribant.

42 1136 1074 1308 lanffilllafflffmgffilbiillillilullqffilli

64 1305 153 1370 sibus
164 1305 361 1373 familiarum
382 1328 401 1371 a
420 1307 583 1389 jectionee,
598 1307 800 1393 Lingonibus
824 1307 982 1373 universis
995 1308 1074 1374 oiri-

64 1399 160 1456 tatem
172 1393 360 1474 Romanam,
381 1394 558 1478 provinoiae
572 1393 701 1458 Baeticae
726 1393 915 1458 Maurorum
927 1395 1075 1459 civitates

63 1474 147 1582 douo
159 1476 266 1584 dedit:
288 1499 375 1543 nova
384 1478 459 1560 jura
469 1478 689 1564 Cappadocia,
699 1499 789 1577 nova
795 1477 922 1559 Africae,
934 1480 1072 1579 ostentui

62 1577 169 1731 3153
180 1565 855 1731 {intllttzalt‘tbltlttbb
864 1577 1074 1733 {libid

64 1752 183 1800 memor
197 1755 352 1816 amorum,
366 1744 486 1801 statuas
498 1734 648 1819 Poppaeae
666 1753 723 1820 per
737 1735 872 1801 Senatds
886 1738 1074 1803 consultum

65 1821 211 1903 reposuit„
255 1821 404 1886 Creditus
425 1832 473 1887 est
489 1821 585 1899 etiam
597 1819 638 1886 de
652 1821 843 1886 celebrandi
856 1820 995 1886 Neronis
1007 1842 1073 1887 me·

66 1907 163 2005 morli
175 1907 354 2005 agitavisse,
377 1925 434 1992 spa
456 1908 594 1994 vulgum
615 1905 797 2003 alliciendi,
829 1906 875 1971 Et
893 1905 993 2005 fuere,
1015 1907 1073 2006 qui

65 1992 1073 2163 mlalttzltttttltbn,danblim

65 2158 158 2229 decus
172 2173 358 2246 astruerent,
381 2185 517 2233 usaour
538 2184 675 2230 ornour
698 2164 897 2230 acclamarit.
941 2165 1013 2249 Ipse
1036 2166 1071 2231 in

66 2264 214 2333 suspenso
228 2250 340 2330 tenuit,
355 2250 484 2316 vetandi
499 2260 596 2330 metu,
611 2251 664 2315 vel
679 2249 872 2335 agnoscendi
887 2250 1018 2334 pudore.
1159 2323 1161 2328 ,

38 2407 43 2417 Ι
103 2335 257 2404 LXXIX.
280 2337 453 2402 Conversis
478 2336 518 2402 ad
531 2336 628 2401 eiv'ile
645 2337 768 2401 bellum
790 2335 916 2415 animis,
939 2347 1073 2402 externa

65 2416 130 2485 sins
142 2423 221 2488 ouri
242 2422 448 2488 habebantur.
491 2420 542 2488 Eo
556 2421 723 2486 audentius
738 2420 931 2502 Rhoxolani,
945 2422 1073 2488 Sarma·

66 2502 126 2572 lica
137 2526 226 2595 gens,
246 2507 351 2592 priore
364 2508 479 2593 hyeme
494 2508 585 2571 casis
608 2506 734 2571 duabus
748 2506 941 2587 cohortibus,
956 2510 1072 2593 magni

66 2607 117 2673 spe
137 2593 178 2657 ad
191 2594 341 2659 Moesiam
355 2593 533 2677 irruperant
546 2614 553 2657 :
575 2611 695 2657 norem
708 2592 811 2658 millia
824 2593 977 2677 equitum,
991 2593 1072 2659 sero-

66 2677 148 2743 aiore
156 2697 307 2744 sueoessu
318 2688 350 2741 et
361 2678 477 2762 praedae
488 2678 588 2777 magis
596 2679 694 2760 quim
704 2697 822 2765 pugnae
833 2678 965 2742 intenta
1008 2679 1072 2764 Igi-

67 2769 115 2826 tur
127 2783 226 2863 vagos
237 2774 271 2827 et
284 2763 463 2828 incuriosos
477 2773 570 2828 tertis
584 2764 677 2851 logio,
688 2762 848 2845 adjunctis
869 2764 1009 2845 auxiliis,
1024 2785 1070 2830 re·

67 2850 153 2929 pentb
168 2849 304 2921 invasit:
326 2848 412 2934 apud
434 2849 594 2914 &manos
619 2848 728 2914 omnia
750 2850 860 2932 praelio
882 2864 974 2931 apta:
996 2850 1071 2916 Sar·
1138 2891 1139 2894 =

68 2948 162 3015 mater,
172 2934 305 3020 dispersi
319 2933 470 3017 cupidine
483 2934 609 3018 praedae,
624 2943 680 3000 aut
694 2952 806 3020 graves
820 2952 918 2997 onere
932 2936 1071 3000 sareias·

25 3039 27 3072 ι
66 3017 1071 3106 mmetlubtieoitinerumademtdequorumpernicitate,velut

68 3102 159 3170 vineti
172 3105 388 3171 ooedebantur.
431 3105 579 3188 Namque
594 3108 713 3169 mirum
733 3105 830 3184 dictu,
851 3115 890 3168 ut
903 3087 1071 3174 sibomnu

69 3186 277 3257 Sarmatarum
290 3191 395 3255 virtus
407 3193 497 3257 velut
510 3201 602 3256 extra
615 3191 719 3275 ipsos:
740 3190 823 3254 nihil
838 3188 878 3253 ad
892 3190 1070 3273 pedestrem

67 3289 200 3361 pugnam
211 3277 461 3360 tamignavum:
484 3276 539 3340 ubi
551 3296 607 3361 per
619 3288 739 3341 turmas
753 3275 921 3357 advenere,
931 3276 989 3341 vix
999 3279 1070 3344 ulla

70 3361 144 3426 acies
158 3362 320 3429 obstiterit.
363 3362 428 3428 Sed
443 3374 512 3427 tum
530 3362 664 3426 humido
678 3360 730 3426 dia
744 3372 776 3425 et
797 3363 902 3425 soluto
924 3365 999 3447 gelu
1014 3382 1068 3428 ne·

70 3461 123 3525 qua
145 3448 241 3530 conti,
259 3467 364 3533 noque
387 3448 496 3534 gladii,
516 3468 597 3531 quos
619 3450 798 3535 praelongos
819 3446 955 3530 utrique
968 3465 1068 3516 manu

71 3543 183 3615 agunt,
193 3536 276 3617 usui,
286 3535 483 3617 lapsantibus
493 3535 584 3618 equis
594 3545 626 3598 et
636 3534 909 3618 cataphractarum
918 3531 1067 3615 pondere.
1167 3582 1169 3586 .

71 3611 103 3679 ld
115 3618 314 3702 Principibus
325 3629 357 3683 et
369 3618 568 3685 nobilissimo
582 3619 699 3702 cuique
709 3630 847 3703 tegmen,
862 3616 969 3681 ferreis
979 3616 1068 3681 lami·

73 3698 114 3765 nis
126 3714 181 3770 aut
194 3705 343 3814 praeduro
356 3704 445 3770 corio
459 3715 662 3856 οοηεεὲῐιιως
684 3715 720 3769 ut
738 3702 890 3767 adversas
912 3701 995 3765 ictus
1008 3699 1067 3762 im·
