2392 4050
104 135 137 199 A.
152 137 184 201 0.
200 137 263 225 aa]
344 138 349 145 ’
394 137 545 203 Hieron.
560 137 639 202 Lm.
654 137 806 201 Pansae.
1060 135 1104 201 33

19 352 20 355 ,
102 307 198 372 valido
211 309 375 392 exercitu3
398 309 474 374 inde
489 308 642 375 Rhaetica
657 310 718 374 alae
740 308 950 391 cohortesque
968 315 1001 371 et
1021 308 1105 392 ipso

19 396 21 473 l
101 411 166 458 rum
175 393 361 461 Rhetorum
371 394 536 478 juventus,
551 405 642 459 sueta
655 393 753 458 armis
767 404 799 458 et
813 413 901 474 mole
916 392 1036 476 militia
1050 415 1105 461 ex·

19 480 21 565 ξ
100 480 205 545 orcita:
225 481 371 564 undique
386 483 548 566 populatio
566 490 598 544 et
619 480 742 545 caedes:
764 480 826 563 ipsi
846 481 881 543 in
895 478 1003 556 medio
1018 481 1103 566 vagi,

19 632 21 635 ,
101 563 219 645 abjectis
233 567 341 647 armis,
355 586 562 657 magnentius
570 566 675 652 saucii
688 577 745 630 ant
754 567 907 649 palantes,
918 565 954 628 in
963 576 1106 631 montem

101 649 261 717 Vocetium
272 653 450 742 perfugere.
494 652 673 730 aestatim,
689 646 832 715 immissi
846 650 977 715 cohorte
999 648 1105 714 Thra-

99 753 177 818 cum,
190 737 324 822 depulsi,
339 755 379 820 et,
391 739 648 805 consectantibus
659 736 831 802 Germanis
841 736 1038 819 metaque,
1049 756 1105 821 per

98 819 188 886 silvas
206 833 302 906 atque
315 825 350 889 in
364 826 442 908 ipsis
466 824 596 905 latebris
610 821 771 886 trucidati.
814 822 921 888 Multa
934 821 1106 887 bominum

19 974 21 985 ,
99 904 195 972 millia
207 929 300 990 caesa,
315 912 420 977 multa
437 912 498 974 sub
520 908 641 975 coronis
653 907 847 996 venundata
890 908 1045 992 cumque,
1059 908 1106 973 di·

19 1002 21 1021 *
97 992 173 1056 rutis
182 995 343 1077 omnibus,
357 996 563 1076 Aventicum,
576 993 682 1082 gentis
695 974 801 1076 oiaput,
813 992 900 1076 J'usto
909 994 1038 1080 agmine
1052 1013 1105 1077 po·
1130 978 1147 1061 l

97 1085 217 1160 teretur,
232 1080 332 1169 mimi,
346 1082 403 1167 qui
417 1081 569 1146 dederent
582 1079 765 1144 civitatem:
787 1089 820 1144 et
833 1078 952 1144 deditio
966 1088 1105 1165 accepta

19 1172 21 1181 ’
98 1161 135 1226 In
150 1164 271 1231 lulium
288 1168 446 1252 Alpinum
469 1188 496 1233 e.
511 1164 718 1252 principibus,
741 1174 780 1229 ut
803 1166 997 1230 concitorem
1017 1165 1106 1244 belli,

19 1264 21 1357 j
98 1248 221 1397 Οῗρὶηα
240 1253 483 1318 animadvertit:
505 1264 627 1318 ceteros
641 1252 746 1317 veniae
766 1252 818 1316 uel
837 1251 969 1318 saevitiae
984 1250 1106 1316 Vitellii

98 1350 154 1397 rer
175 1337 229 1401 uit

138 1355 251 1490 LqXIX.
273 1424 374 1489 Haud
394 1423 488 1489 facile
512 1422 602 1487 dictu
615 1431 673 1503 est,
692 1421 789 1520 legati
804 1422 1028 1487 Helvetiomm
1048 1421 1107 1487 mi·

44 1486 84 1567 l(
97 1506 155 1569 niis
168 1509 358 1589 placabilem
372 1511 608 1594 Imperatorem,
622 1527 666 1571 au
687 1508 823 1573 militem
839 1508 1040 1573 invenerint:
1062 1508 1107 1572 ci·

97 1591 197 1658 vitatis
211 1594 379 1660 excidium
389 1605 535 1678 poscunt,
550 1594 616 1657 tela
629 1613 667 1657 ao
678 1593 836 1660 mauusin
847 1614 904 1658 ora
911 1594 1108 1679 legatorum

98 1674 258 1744 intentant
303 1680 354 1746 Ne
369 1681 518 1745 Vitellius
530 1679 662 1763 quidem
674 1678 772 1743 minis
785 1699 823 1744 ac
837 1679 944 1743 verbis
954 1690 1107 1762 tempera-

82 1761 164 1845 fbat:
185 1767 258 1830 cium
274 1765 431 1831 Claudius
442 1767 571 1845 Cossus,
582 1783 671 1829 unus
684 1784 726 1830 ex
740 1762 879 1851 Legatis,
893 1775 979 1829 notre
993 1763 1107 1828 facun-

19 1880 21 1883 ·
97 1846 162 1929 diae,
176 1851 231 1914 sed
244 1850 375 1928 dicendi
390 1862 490 1917 artem
504 1849 578 1941 apti
592 1848 803 1932 trepidatione
823 1850 997 1930 occultans,
1012 1859 1107 1933 atque

98 1933 284 2016 sordidior,
299 1936 411 2001 militis
423 1937 569 2002 animum
583 1936 763 2021 mitigavit:
784 1943 823 1998 ut
836 1943 883 1999 est
897 1954 974 1999 mox
987 1937 1107 2018 vulgus

98 2012 244 2087 inulabile
258 2020 383 2102 subitis,
397 2034 429 2087 et
443 2034 509 2089 tam
522 2042 661 2108 pronum
680 2021 715 2086 in
736 2020 995 2102 misericordiam,
1009 2021 1107 2105 quim

36 2185 40 2194 Ι
98 2102 299 2173 immodicum
320 2108 445 2172 saevitiai
469 2108 592 2174 fuerat:
615 2107 726 2173 effusis
746 2106 906 2191 lacrymis,
924 2118 956 2171 et
974 2107 1108 2172 meliora

99 2193 285 2284 constantius
304 2195 505 2280 postulando,
526 2193 752 2278 impunitatem
764 2193 965 2279 salutemque
983 2191 1107 2258 civitati

99 2282 311 2359 impetravere.

37 2355 127 2446 Η·
137 2362 240 2431 LXX.
265 2364 398 2430 Gaeaina
410 2383 531 2448 paucos
545 2364 580 2429 in
595 2363 753 2430 Helvetiis
770 2372 914 2430 moratus
927 2361 1005 2444 dies,
1027 2362 1108 2429 dum

97 2450 255 2515 sententiae
270 2451 392 2515 Vitellii
411 2452 525 2516 certior
548 2450 647 2532 fieret,
670 2451 767 2514 simul
782 2450 952 2515 transitum
973 2449 1107 2533 Alpium

95 2548 212 2615 parans,
227 2537 340 2601 laetum
354 2556 396 2601 ex
411 2536 505 2602 ltalia
518 2538 672 2602 nuntium
685 2535 809 2621 accipit,
827 2536 933 2614 ‘alam
952 2535 1106 2614 Silanum,

19 2661 20 2666 κ
96 2617 174 2684 circa
197 2621 325 2687 Padum
353 2632 509 2706 agentem,
536 2630 736 2703 sacramento
770 2620 891 2686 Vitellii
917 2620 1106 2686 accesisse!

19 2761 21 2770 ,
98 2700 323 2773 Proconsulem
333 2707 500 2772 Vitellium
511 2707 638 2791 Syllani
650 2708 685 2772 in
697 2706 808 2774 Africa
817 2706 1014 2772 habuerant:
1029 2726 1108 2771 mox

19 2785 21 2870 ξ
99 2790 261 2870 aNerone‚
283 2802 320 2858 nt
342 2794 377 2858 in
397 2794 578 2879 AEgyptum
597 2791 874 2877 promitterentur,
893 2791 999 2879 expiti,
1020 2803 1052 2856 et
1066 2792 1107 2855 ob

19 2879 21 2944 l
100 2872 214 2941 bellum
227 2876 374 2943 Vindicis
388 2879 537 2958 revocati,
557 2899 595 2943 ao
611 2888 682 2944 turn
695 2879 730 2942 in
755 2878 849 2944 ltalia
870 2889 1044 2957 manentes,
1059 2877 1108 2942 in·

72 2957 85 2988 “
99 2960 209 3028 stinctu
225 2964 458 3045 Decurionum,
469 2964 526 3047 qui
539 2965 676 3030 Othonis
690 2963 804 3048 ignari,
815 2964 944 3029 Vitellio
956 2962 1107 3042 obstricti,

19 3057 21 3074 ¹
100 3046 188 3111 robur
203 3048 447 3114 adventantium
460 3051 626 3151 legionum
640 3059 672 3111 et
685 3048 805 3115 famam
819 3048 1006 3113 Germanioi
1019 3069 1108 3114 exer-

101 3129 173 3196 citus
188 3134 546 3213 attollebant,transiere
557 3135 590 3203 in
602 3148 723 3218 partas:
746 3146 786 3215 et,
797 3146 834 3200 ut
844 3135 967 3202 donum
976 3133 1108 3218 aliquod

100 3231 177 3281 novo
191 3219 344 3304 Principi,
358 3220 543 3286 firmissima
558 3220 804 3304 Transpadana
819 3220 957 3306 regionis
971 3220 1108 3286 munici-

100 3300 147 3381 pia
156 3301 377 3372 Mediolanum
392 3326 429 3370 ao
444 3306 620 3371 Novariam
633 3317 665 3369 et
680 3307 876 3390 Eporediam
886 3327 925 3372 ao
935 3306 1107 3386 Vercellas,

100 3385 276 3466 adjunxere.
320 3391 358 3454 ld
382 3392 522 3460 Caeoinae
538 3412 594 3475 per
609 3392 695 3474 ipsos
710 3401 918 3476 compertum.
963 3393 1016 3474 Et,
1030 3391 1108 3475 quia

100 3474 239 3551 prasidio
255 3479 315 3541 alae
329 3477 428 3541 unius
440 3478 595 3544 latissima
609 3497 683 3559 pars
695 3479 792 3544 ltaliae
806 3477 934 3543 delendi
945 3478 1107 3560 nequibat,
1146 3526 1149 3530 a

19 3611 20 3614 ,
102 3562 263 3636 premissis
292 3563 465 3627 Gallorum
488 3562 720 3630 Lusitanorum
741 3564 1033 3644 Britannorumque
1056 3581 1108 3624 eo·

102 3638 239 3716 hortibus
252 3658 283 3717 et
298 3650 537 3717 Germanorum
549 3647 688 3731 vexillis,
713 3669 790 3716 aum
810 3648 862 3713 alt
876 3646 1016 3726 Petrina,
1039 3645 1107 3726 ipse
