2392 4050
43 229 45 234 ,
117 146 179 214 128
459 150 495 215 c.
511 121 623 216 boas.
639 145 777 215 mem
931 147 982 236 [n.
997 147 1038 213 u
1055 146 1129 213 saa

114 319 221 385 varios
236 339 331 387 casus
345 321 464 405 elapsi:
485 322 617 408 quidam
626 321 734 387 servili
748 321 868 400 habitu,
884 320 940 385 alii
954 320 1018 387 fide
1032 323 1128 387 clien-

114 407 198 472 tium
207 409 354 489 contecti,
365 417 396 473 et
406 407 489 473 inter
499 409 642 474 sarcinas
650 408 758 473 abditi.
792 408 909 487 Fuere,
920 409 986 490 qui,
996 419 1128 491 excepto

114 492 362 558 Vitellianorum
374 493 477 579 signo,
491 513 556 577 quo
569 495 651 559 inter
660 512 696 557 se
710 494 932 573 noscebantur,
947 495 1034 558 ulrrb
1047 495 1127 579 rogi·

114 587 218 642 tentes
233 579 509 663 respondentesve,
524 579 694 643 audaciam
708 599 766 663 pro
781 580 900 643 latebra
913 578 1076 644 baberent.

158 663 311 732 LXXIV.
334 664 549 746 Domitianus,
562 665 669 764 primi
679 664 856 749 irruptione
870 665 958 748 apud
971 666 1126 730 aedituum

113 750 302 831 occultetur,
324 750 452 816 solertia
467 750 580 832 liberti,
603 751 690 816 linco
704 753 823 815 amictu
844 753 949 814 turbae
964 751 1127 816 sacricola·

114 852 190 899 rum
203 834 369 902 immixtus
390 835 630 922 ignoratusqne,
655 836 740 919 apud
762 837 951 901 Cornelium
972 838 1126 916 Primum,

114 933 282 1005 paternum
307 922 465 1003 clientem,
484 921 581 1003 juxta
605 922 789 1004 Velabrum,
814 921 949 986 delituit.
1004 924 1055 987 Ac
1076 940 1126 1005 pc

114 1005 211 1070 tiente
225 1026 334 1072 rerum
347 1017 444 1093 patre,
459 1007 591 1089 disjecto
606 1003 715 1071 aeditui
730 1007 950 1087 contubernio,
965 1008 1127 1073 modicum

114 1091 271 1158 sacellum
280 1111 356 1176 tour
369 1113 652 1176 conseerarunt,
666 1111 818 1178 aramque
827 1094 942 1177 posuit,
953 1113 1048 1157 casus
1057 1110 1128 1157 suos

113 1176 148 1240 in
171 1195 330 1245 marmore
350 1197 542 1265 expressam.
586 1179 675 1258 Mox,
698 1176 872 1261 Imperium
886 1179 1030 1262 adeptus,
1052 1199 1125 1243 sorr

114 1279 265 1330 eusaonr
291 1267 448 1349 templum
470 1264 594 1351 ingene,
619 1283 718 1349 seque
743 1264 778 1327 in
803 1264 878 1329 sinn
895 1265 957 1328 Dei
981 1264 1127 1329 sacrarit.

114 1344 256 1414 Sabinus
270 1361 302 1415 et
315 1352 452 1431 Atticus,
467 1350 589 1416 onerati
612 1350 734 1415 catenis
748 1350 833 1415 etad
849 1350 1016 1415 Vitellium
1034 1350 1129 1429 ducti,

113 1434 320 1519 nequaquam
341 1434 455 1502 infesto
478 1454 626 1500 sermone
651 1436 809 1520 vultuque
832 1437 1048 1519 excipiuntur,
1071 1436 1128 1500 fre

114 1521 286 1601 mentibus,
300 1522 357 1606 qui
375 1522 429 1604 jus
450 1521 555 1601 cedis,
578 1532 611 1585 et
624 1522 757 1604 praemia
772 1533 895 1587 navatae
908 1541 1023 1604 uperae,
1045 1534 1128 1606 pete·

113 1605 200 1672 bant
245 1608 394 1672 Clamore
408 1628 428 1671 a
441 1606 596 1691 proximis
610 1618 689 1688 orto,
711 1607 839 1672 sordida
853 1627 925 1691 pars
938 1608 1042 1689 plebis
1055 1627 1128 1692 sup

113 1690 250 1776 plinium
274 1691 388 1759 Sabini
413 1691 565 1776 exposcit,
591 1693 696 1756 minas
719 1692 981 1775 adulationesque
1005 1695 1127 1758 miscet

113 1777 260 1844 Stantem
273 1798 331 1863 pro
350 1778 502 1866 gradibus
522 1778 633 1862 palatii
648 1779 822 1859 Vitellium,
843 1790 875 1842 et
889 1797 997 1862 preces
1016 1799 1128 1862 parau-

114 1875 187 1945 tem,
202 1865 373 1949 pervicere,
388 1875 424 1932 ut
438 1864 611 1930 absisteret.
656 1865 748 1929 Tum
761 1864 945 1929 confossum
959 1865 1129 1929 collacera-

114 1959 257 2101 tuffique'
278 1961 310 2015 et
324 1953 428 2039 capite
447 1961 609 2032 truncum,
633 1969 749 2036 corpus
767 1950 880 2015 Sabini
898 1951 933 2014 in
955 1951 1128 2016 Gemonias

113 2045 143 2099 tr
185 2047 253 2102 unt.
406 2088 408 2092 Α

157 2122 296 2186 LXXV.
318 2122 383 2186 Hic
396 2121 502 2188 exitus
516 2124 578 2189 viri
597 2124 687 2188 haud
707 2122 786 2187 sanie
800 2121 978 2207 spernendi.
1022 2122 1129 2193 Quin·

113 2225 177 2292 que
191 2217 223 2270 et
237 2205 371 2293 triginta
384 2208 543 2291 stipendia
556 2211 591 2275 in
605 2207 783 2293 Republica
798 2207 923 2286 lecerat,
944 2207 1031 2273 domi
1046 2209 1127 2272 mili-

114 2293 230 2376 tieque
255 2293 381 2357 clarus:
413 2293 632 2360 innocentiam
649 2294 870 2377 justitiamque
892 2293 963 2376 ejus
987 2312 1053 2357 non
1077 2314 1126 2358 ar-

114 2396 249 2465 gueres:
272 2378 429 2444 sermonis
442 2380 564 2444 nimius
583 2391 661 2445 erat.
705 2379 743 2444 Id
764 2399 869 2443 unum
890 2391 1009 2462 septem
1023 2381 1123 2460 annis,

114 2466 231 2548 quibus
262 2463 416 2545 Moesiam,
442 2464 621 2548 duodecim,
648 2465 765 2549 quibus
789 2462 1012 2530 Prafecturam
1036 2466 1123 2530 urbis

115 2551 262 2630 obtinuit,
286 2551 502 2615 calumniatus
524 2562 571 2615 est
593 2572 712 2617 rumor.
756 2551 795 2614 In
818 2551 968 2614 finevitae
983 2550 1037 2613 alii
1057 2570 1122 2637 seg·

114 2654 199 2716 nem,
222 2634 316 2699 multi
332 2635 531 2701 moderatum
544 2648 575 2701 et
589 2638 714 2702 civium
732 2635 898 2723 sanguinis
913 2654 1045 2718 parcum
1058 2655 1121 2700 cre-

114 2719 233 2785 didere.
277 2719 379 2790 Quod
392 2721 474 2786 inter
487 2742 599 2787 omnes
615 2721 797 2802 constiterit,
820 2730 894 2784 ante
908 2720 1119 2804 Principatum

117 2805 310 2889 Vespasiani,
332 2806 431 2872 decus
445 2805 558 2872 domus
579 2828 677 2892 penes
699 2807 858 2888 Sabinum
878 2817 953 2870 erut.
997 2806 1117 2871 (ladem

116 2892 186 2976 ejus
201 2895 307 2957 laetam
321 2888 419 2957 fuisse
445 2893 600 2958 Muciano
623 2893 815 2976 accepimus.
858 2893 1015 2955 Ferebant
1033 2891 1117 2975 pleri·

115 2999 179 3064 que
200 2979 314 3044 ‘etiam
339 2978 410 3062 paci
434 2981 629 3060 coasultum,
653 2978 789 3042 diremti
812 2977 1016 3043 aemnlatione
1039 2979 1113 3041 inter

115 3067 207 3145 duos,
227 3083 366 3148 quorum
380 3067 458 3129 alter
472 3084 505 3129 se
518 3063 649 3129 fratrem
670 3064 880 3146 Imperatoria,
903 3064 982 3126 alter
1000 3082 1115 3126 consor·

116 3163 181 3216 tem
189 3150 319 3234 Imperii
329 3151 499 3234 cogitaret!
535 3149 601 3217 Sed
611 3150 760 3215 Vitellius
770 3148 920 3213 Consulis
931 3148 1113 3231 supplicium

115 3235 259 3321 poscenti
272 3238 391 3319 populo
406 3237 525 3316 restitit,
539 3238 693 3321 placatus,
708 3254 746 3298 ac
760 3237 850 3299 velut
864 3235 968 3297 vicem
981 3233 1110 3313 reddens,

116 3321 204 3408 qubd
225 3320 495 3406 interrogantibus
520 3323 610 3406 ‘quis
636 3320 832 3404 Capitolium
857 3319 1060 3399 incendisset,’
1078 3338 1109 3382 se

118 3424 210 3472 reum
230 3405 356 3470 Atticus
370 3406 534 3471 obtulerat.
579 3406 693 3490 Eique
708 3405 914 3485 consessione,
934 3406 1001 3468 sive
1013 3414 1109 3488 aptum

108 3489 251 3576 tempori
267 3489 468 3555 mendacium
481 3491 550 3572 fuit,
573 3491 729 3557 invidiam
752 3492 935 3575 crimenque
949 3490 1107 3577 agnovisse,

114 3588 147 3642 et
161 3598 181 3640 a
195 3573 336 3659 partibus
349 3575 470 3674 Vitellii
485 3579 643 3674 amolitus,
658 3577 834 3675 videbatur.
894 3663 900 3674 Ι
918 3661 925 3674 .

159 3661 314 3729 LXXVI.
336 3660 456 3728 Iasdem
467 3662 578 3728 diebus
600 3663 638 3729 L.
653 3664 811 3746 Vitellius,
834 3673 944 3748 positis
958 3659 1038 3746 apud
1055 3661 1105 3726 re
