2392 4050
958 4 1182 140 Ἣ

112 343 195 499 {gum
209 342 363 496 lpabctar:
384 342 522 428 plusque
536 339 584 410 ibi
597 341 675 408 boni
688 361 794 409 mores
808 341 926 427 valeat,
940 348 1040 428 quam
1052 340 1129 410 alibi

176 451 204 493 aa

156 449 408 585 nomm
429 511 526 580 domo
543 512 626 598 nudi
648 531 687 579 ac
709 511 839 595 sordidi,
854 512 890 578 in
904 512 965 580 hos
985 525 1083 596 arms,
1096 513 1131 579 in

41 565 80 646 ’Ϋ
112 602 184 670 hac
198 621 238 668 co
297 621 341 680 ra,
354 619 432 684 quaa
451 600 616 680 miramur,
638 610 837 666 excrescunt.
880 599 950 665 Sua
971 618 1132 685 quemquo

112 698 214 757 mator
227 708 250 753 u
291 685 380 752 ribus
392 682 460 768 alit,
471 703 533 750 nec
546 686 723 752 ancillisac
736 684 917 756 nutricibus
930 687 984 752 del
1123 729 1132 749 .

112 773 295 844 Dominum
307 792 346 840 ac
365 789 498 837 serrum
519 770 621 838 nullis
645 768 844 837 educationis
864 770 990 837 deliciis
1028 772 1036 784 '

111 877 177 928 cas.
220 860 307 924 Inter
320 855 433 924 eadem
441 875 570 945 ,pecora
583 854 743 926 incidam
752 859 854 924 humo
863 856 1005 944 degunt:
1027 858 1134 923 donec

111 955 188 1011 ratas
201 954 327 1027 separet
346 942 515 1040 ingenuos,
538 943 642 1010 sirius
661 953 825 1030 agnoscat
867 944 948 1010 Sera
969 943 1134 1027 juvanum

111 1029 241 1113 Venus3
264 1027 366 1112 edqrre
388 1028 590 1094 inexhausta
606 1029 776 1113 pubertas:
797 1047 860 1096 nac
882 1029 1024 1116 virgines
1050 1027 1134 1095 iasti-

109 1124 251 1198 aautur3
274 1111 542 1198 eademjuveuta,
552 1113 669 1180 similis
682 1115 874 1199 proceritas:
896 1133 988 1199 paras
1000 1113 1134 1181 valida-

109 1218 174 1285 que
188 1200 382 1283 miscentur;
406 1220 444 1266 ac
458 1200 573 1265 robora
586 1211 758 1284 parentam
771 1200 862 1267 liberi
877 1200 1028 1267 referunt.
1077 1200 1133 1267 So

109 1304 222 1354 rorum
245 1286 324 1354 liliis
345 1285 433 1351 ὶάοω
456 1284 543 1370 apud
571 1286 785 1368 avunculum,
812 1285 869 1370 qui
895 1286 982 1372 apud
1003 1297 1133 1370 patrem

108 1370 223 1437 honor.
266 1371 413 1444 Quidam
431 1369 625 1442 sanctiorem
644 1372 876 1456 arctioramque
897 1373 989 1437 hunc
1003 1391 1134 1438 nexum

107 1455 277 1544 rrngrrinis
297 1457 500 1539 arbitrantur,
522 1468 554 1522 et
567 1457 603 1523 in
626 1456 823 1540 accipiendis
843 1455 1008 1524 obsidibus
1026 1455 1133 1544 magis

109 1543 267 1629 exiguam
288 1553 441 1627 tanquam
455 1539 478 1608 ii
491 1553 524 1609 at
537 1543 687 1614 animum
696 1541 827 1623 firmiira
838 1553 870 1607 et
879 1542 1014 1609 domum
1024 1542 1132 1622 latias,

109 1639 245 1696 uncant
289 1628 441 1695 Haeredes
455 1637 563 1694 tamon
577 1647 840 1727 successoresque
854 1629 905 1698 sui
919 1628 1041 1712 auique
1057 1627 1134 1693 libo

108 1714 156 1782 ri:
178 1725 211 1779 et
224 1714 355 1781 nullum
369 1724 603 1784 testamentum.
646 1713 684 1780 si
704 1715 797 1780 liberi
819 1732 887 1779 non
912 1726 999 1794 sunt,
1019 1713 1131 1798 proxi·

108 1820 183 1870 mus
211 1800 332 1886 gradus
360 1799 396 1864 ia
429 1800 628 1884 possessione
665 1798 786 1881 iratres,
807 1800 931 1883 ‘patrui
959 1797 1130 1868 avunculi

109 1888 245 1964 Quanto
256 1887 330 1971 plus
340 1884 605 1970 propinquorum,
614 1885 682 1969 qud
691 1884 791 1966 major
802 1885 951 1952 affinium
960 1905 1130 1966 numerus,

108 1973 198 2041 tantd
235 1971 378 2039 ratiosior
391 1982 550 2054 senectm,
563 1988 626 2038 nec
639 1972 709 2038 ulla
723 1971 867 2047 orbitatis
887 1971 999 2058 pretia

152 2061 184 2127 X
222 2061 247 2124 Ι.
269 2055 441 2141 Suscipere
463 2068 530 2123 tam
551 2057 747 2140 inimicitias,
768 2077 828 2123 seu
848 2058 957 2143 patris,
978 2077 1040 2123 sen
1058 2076 1129 2143 pro·

108 2143 233 2230 pinqui,
246 2145 345 2227 quim
357 2142 525 2224 amicitias,
537 2162 668 2208 necasse
678 2153 746 2210 ast:
766 2163 828 2209 nec
837 2144 1057 2230 implacabiles
1071 2142 1127 2208 du·

98 2240 189 2297 aaut.
232 2229 350 2296 Luitur
363 2228 452 2295 anim
465 2229 563 2294 etiarn
582 2228 795 2294 homicidium
808 2240 895 2295 certo
908 2239 1127 2296 armentorum

108 2335 148 2382 ac
168 2335 320 2402 pecorum
343 2334 487 2396 numero,
509 2315 685 2399 recipitque
709 2314 959 2380 satisfactionem
971 2314 1126 2380 universa

107 2400 242 2470 domus:
263 2401 385 2466 utiliter
410 2399 445 2465 in
469 2401 658 2484 publicum3
680 2399 759 2483 quia
780 2400 1023 2484 periculosiores
1048 2408 1126 2464 sunt

107 2485 586 2568 inimicitiajuxtalibertstom.
631 2484 842 2551 Convictibus
853 2495 884 2551 et
895 2485 1042 2570 hospitiis
1056 2504 1124 2551 non
1175 2486 1176 2489 ’

107 2573 174 2639 alia
186 2572 410 2659 maseffusiiu
424 2571 580 2658 indulget.
624 2573 865 2655 Quemcunque
879 2572 1065 2637 mortalium
1077 2589 1125 2636 ar·
1174 2612 1175 2621 κ

106 2677 178 2725 cere
193 2668 285 2737 tecto,
308 2656 398 2723 nefas
413 2655 567 2722 habetur:
588 2676 648 2758 pro
662 2655 791 2722 fortuni
804 2658 941 2741 quisque
962 2658 1124 2743 apparatis
1172 2714 1174 2725 r

103 2744 208 2827 apulis
223 2742 352 2826 excipit.
395 2742 476 2806 (ihm
494 2740 648 2823 deiecere,
669 2744 727 2826 qui
745 2741 841 2807 modb
863 2743 979 2827 hospes
1006 2741 1122 2823 fuerat,

101 2838 293 2895 monstrator
312 2825 442 2911 hospitii
463 2837 495 2890 et
509 2845 616 2894 comcs
640 2828 821 2911 proximam
835 2828 970 2894 domum
990 2847 1059 2894 noa
1073 2828 1121 2893 in·

102 2915 193 2983 vitati
207 2913 346 2980 adeunt:
368 2932 429 2978 nec
440 2913 593 2995 interest;
616 2913 684 2998 pari
695 2914 894 2980 humanitate
907 2914 1119 2999 accipiuntur.

105 3002 228 3069 Notum
241 3000 461 3088 ignotumque,
481 3010 641 3083 quantum
654 2997 696 3062 ad
713 2998 769 3080 jus
783 2999 926 3084 hospitii,
946 3021 1042 3066 nemo
1057 2999 1119 3065 dis·

104 3090 217 3153 cernit.
259 3085 411 3167 Abeunti,
422 3085 449 3150 si
463 3085 542 3234 guid
549 3084 745 3233 poposcerit,
760 3085 935 3150 concedere
949 3085 1068 3152 moris:
1089 3095 1120 3151 et

104 3171 258 3258 poscendi
272 3169 413 3239 invicem
425 3191 463 3235 ea
484 3192 537 3237 em
564 3170 698 3235 acilitas.
743 3169 896 3236 Gaudeat
909 3171 1117 3238 muneribus:

103 3257 160 3323 aad
178 3276 239 3323 nec
258 3256 333 3320 data
357 3258 525 3354 imputant,
539 3274 601 3321 nac
616 3254 753 3339 acceptis
766 3257 962 3340 obligantur.

61 3356 73 3423 i
146 3343 254 3410 xxn.
277 3340 391 3407 Victus
406 3352 488 3407 mter
515 3341 656 3426 hospites
682 3341 791 3407 comis
835 3343 1114 3425 Statimcsomno,

70 3454 73 3479 ¹
101 3425 451 3576 llimuii'l‘lqliln
464 3424 1112 3580 llsshiiiihllfflbiihh

103 3558 182 3659 burn
204 3527 369 3677 capiliintil
389 3529 545 3676 aspirato
573 3533 714 3683 singuiis
742 3533 890 3664 sedffiugt
912 3562 975 3666 sua
997 3534 1110 3683 cliltiqna

101 3696 232 3744 mensa:
255 3686 326 3741 tum
349 3675 391 3741 ad
415 3678 551 3765 negotia,
573 3699 636 3746 nec
661 3682 768 3748 minin
789 3689 876 3769 saepe
900 3684 941 3750 ad
955 3683 1108 3766 convivis,

25 155 27 180 ³
86 191 88 200 ·
114 169 180 239 218
451 168 489 234 0.
505 168 617 236 Gonu.
633 166 798 236 Tacmus
