2392 4050
92 246 159 312 28]
448 242 487 306 C.
502 242 614 306 Gonu.
629 239 768 305 'I'acrnr

89 414 240 481 dentium
261 411 394 498 penitus
416 411 645 475 reformident:
667 410 703 474 in
723 411 950 493 paucissimos
973 419 1130 475 sensuset

93 513 251 586 angimus
264 498 441 563 sententias
459 495 637 560 detrudant
655 497 888 578 eloquentiam,
909 498 1013 559 velut
1027 499 1130 579 erpul-

94 583 295 670 ramIlegno
316 602 395 646 auo:
418 592 551 664 utque
572 580 654 644 olim
676 580 826 644 omnium
852 580 985 643 aruum
1008 581 1133 644 domim

92 667 315 752 pulcherrimo
329 666 482 731 comitatu
494 675 630 747 pectora
643 666 806 748 implebat,
823 684 917 729 nune
933 666 1130 730 circumcisa

94 763 128 817 et
152 764 326 835 amputata,
350 753 421 814 sine
445 760 611 834 apparatu,
625 751 697 812 sine
719 750 851 827 honore,
871 769 974 831 paene
997 751 1131 813 dixerim

94 837 165 900 sine
180 837 390 922 ingenuitate,
399 836 493 917 quasi
505 851 573 897 una
591 855 635 897 er
646 833 878 897 sordidissimis
893 834 1060 912 artificiis,
1074 835 1131 896 dis-

95 931 199 986 catur.
242 922 333 1004 Ergo
345 918 619 1001 hancprimarnet
629 920 826 1003 praecipuam
834 938 979 984 eausam
989 920 1128 997 arbitror,

95 1025 156 1071 eur
170 1010 292 1068 unium
307 1004 348 1066 ab
360 1004 547 1086 eloquentiis
564 1003 774 1086 antiquorum
784 1014 958 1066 oratorum
970 1004 1130 1067 recesset

95 1107 180 1154 mus.
223 1089 262 1154 si
284 1100 382 1152 testes
406 1088 650 1152 desiderantur:
671 1107 753 1171 quos
773 1087 918 1169 potiores
942 1089 1128 1166 nominabo,

95 1175 194 1256 quim
203 1172 289 1256 apud
300 1174 432 1237 Grecos
442 1174 720 1236 Demosthenem?
742 1191 840 1254 quem
849 1172 1129 1236 studiosissimum

98 1258 245 1323 Platonis
268 1258 449 1322 auditorem
469 1257 580 1337 fuisse,
603 1256 767 1320 memoriae
789 1256 961 1338 proditum
987 1269 1047 1320 est„
1089 1256 1131 1319 Et

5 1335 12 1352 '
97 1344 223 1420 Cicero,
239 1342 299 1420 liis,
314 1354 351 1406 ut
365 1344 490 1424 opinor,
502 1341 597 1406 refert
608 1341 724 1420 verbis,
740 1341 913 1423 ‘quicquid
926 1342 962 1404 in
976 1344 1128 1425 eloquen-

96 1427 143 1488 tit
163 1427 313 1504 effecerit,
329 1426 362 1487 id
383 1445 420 1489 se
443 1445 509 1489 non
533 1428 712 1507 rhetorum,
726 1426 784 1488 sed
808 1426 1002 1489 Academiae
1022 1426 1129 1509 spatiis

96 1513 329 1573 oonaecutum!
371 1511 459 1574 Sunt
472 1510 547 1574 aliie
561 1530 679 1589 cause,
693 1529 820 1595 inagna
832 1522 863 1573 et
876 1530 1010 1594 gravas,
1019 1530 1129 1593 quasa

96 1595 189 1656 vobis
204 1594 319 1676 aperiri
335 1614 466 1677 equum
477 1606 535 1672 est,
544 1595 701 1677 qnoniam
714 1593 849 1677 quidem
857 1615 919 1679 ego
931 1594 1006 1675 jam
1021 1614 1129 1658 meurn

97 1697 220 1743 munus
241 1678 380 1761 explevi,
402 1690 442 1757 et,
457 1678 545 1762 qnod
566 1679 649 1742 milii
670 1680 703 1742 in
719 1678 960 1742 consuetudine
975 1690 1037 1758 est,
1058 1679 1129 1743 setis
1193 1677 1194 1750 Ῠ

98 1766 218 1828 multos
239 1762 375 1826 offendi:
397 1764 497 1846 quisi
513 1763 594 1827 sorte
616 1764 680 1826 hoc
702 1763 861 1844 audirent,
875 1774 1008 1827 certum
1028 1766 1129 1827 liabeo
1193 1767 1194 1782 ¹

97 1847 252 1927 dicturos,
276 1867 338 1928 me,
362 1847 445 1910 dum
465 1845 550 1928 juris
572 1858 605 1911 et
624 1848 840 1931 philosophiae
862 1848 1049 1927 scientiam,
1063 1860 1128 1911 tau·
1193 1859 1194 1894 ³

97 1952 198 2016 quam
212 1932 329 1996 oratori
344 1934 568 2012 emesenam,
585 1931 692 2010 laudo,
708 1932 837 2014 ineptiis
851 1932 933 1994 meis
956 1933 1125 2014 plausisse.
1193 1927 1194 2004 l

142 2017 305 2082 XXXIII.
327 2016 372 2079 Et
381 2016 557 2097 Maternus,
569 2017 653 2080 Mihi
662 2014 804 2098 quidem,
814 2016 930 2096 inquit,
939 2030 1128 2100 susceptum

4 2117 5 2126 ¹
98 2112 160 2164 ate
174 2121 296 2165 munus
314 2102 395 2164 aded
415 2103 576 2187 peregisse
590 2101 740 2165 noudum
756 2100 884 2179 videris,
901 2112 941 2163 ut
953 2101 1127 2164 inchoasse
1193 2106 1194 2111 ’

97 2186 230 2262 tantum,
245 2194 278 2246 et
298 2186 390 2248 velut
412 2186 549 2268 vestigia
574 2203 614 2247 ac
637 2186 832 2251 lineamenta
851 2184 1004 2262 quiedam
1024 2196 1127 2246 osten

35 2334 65 2351 μ
97 2267 193 2348 disse,
208 2267 359 2332 videaris.
403 2268 498 2344 Nam,
513 2266 634 2347 quibus
649 2265 764 2328 instrui
781 2275 904 2327 veteres
919 2274 1126 2325 oratoresso-

98 2353 150 2417 liti
171 2354 247 2432 sint,
260 2349 382 2430 dixisti,
396 2350 678 2431 differentiamque
692 2358 809 2411 nostrae
824 2345 957 2409 desidiae
978 2356 1014 2409 et
1036 2345 1127 2409 insci·

97 2438 197 2502 entire
212 2436 366 2501 adversis
385 2436 542 2498 acerrima
562 2444 595 2494 et
616 2431 862 2496 foecundissima
884 2449 1003 2493 eorum
1024 2430 1129 2493 studia

98 2521 343 2589 demonstrasti:
365 2531 472 2584 cetera
490 2527 635 2599 expecto,
660 2525 709 2596 ut,
731 2512 1011 2598 quemadmodum
1029 2535 1073 2577 ex
1096 2524 1126 2575 te

98 2605 209 2685 didici,
231 2605 311 2688 quid
332 2615 389 2667 aut
409 2604 460 2668 illi
481 2602 611 2680 scireut,
635 2610 693 2664 aut
714 2620 775 2664 nos
796 2599 1126 2678 reclamaturos

4 2723 5 2732 κ
99 2709 230 2772 quoque
243 2707 450 2769 coprroscam,
464 2687 584 2770 quibus
598 2683 885 2753 exercitationibus
895 2682 1048 2764 juvenes,
1060 2682 1126 2765 jam

99 2773 209 2839 forum
231 2772 417 2855 ingressuri,
431 2771 626 2837 confirmare
647 2780 680 2834 et
703 2770 789 2834 alere
812 2768 947 2854 ingenie
966 2787 1029 2831 sua
1043 2766 1125 2831 soliti

3 2902 7 2918 ‚
99 2858 184 2924 aiut:
206 2855 414 2939 nequeenim
428 2867 496 2919 arte
508 2865 542 2919 et
555 2853 702 2937 scientiis,
724 2853 782 2917 sed
797 2855 894 2937 longe
909 2852 1015 2938 magis
1028 2852 1125 2916 facul-

99 2953 165 3009 tato
186 2940 406 3026 eloquentiam
430 2939 600 3020 contineri,
622 2958 686 3004 nec
709 2947 756 3020 tu,
774 2948 862 3020 puto,
877 2938 1013 3018 abnues,
1036 2948 1069 2999 et
1092 2934 1124 2998 hi

100 3028 285 3115 significare
299 3027 394 3090 vultu
411 3025 573 3089 videntur.

4 3118 5 3129 ¹
146 3112 283 3191 Deinde,
298 3118 371 3177 curn
386 3112 473 3193 Aper
487 3120 519 3171 et
533 3108 708 3175 Secundus
723 3108 809 3171 idem
823 3104 1027 3184 annuissent,
1047 3105 1125 3170 uas

100 3199 179 3277 salo,
193 3197 287 3280 quasi
302 3214 416 3261 rursus
438 3192 617 3276 incipiensr
641 3193 810 3264 Quoniam
832 3189 923 3254 initia
948 3199 980 3254 et
1005 3190 1124 3254 semina

101 3281 220 3364 vetetis
245 3279 439 3362 eloquentiae
468 3278 544 3341 satis
572 3276 806 3341 demonstrisse
835 3274 958 3355 videor,
981 3272 1124 3338 docendo

101 3364 222 3448 quibus
236 3366 358 3428 artibus
378 3363 511 3445 antiqui·
523 3374 665 3426 oratores
687 3361 813 3426 institui
835 3358 1026 3443 erudirique
1046 3357 1124 3422 soliti

101 3449 185 3527 sint3
208 3464 383 3528 persequer
397 3466 487 3515 utine
501 3447 748 3510 exercitationes
758 3464 883 3508 eorum.
927 3445 1125 3528 Quanquam

100 3529 179 3608 ipsis
193 3529 315 3591 artibus
330 3528 412 3591 inest
425 3529 623 3609 exercitatio,
640 3530 888 3612 necquicquam
903 3529 1070 3612 percipere
1083 3535 1123 3589 tot

99 3610 290 3687 reconditas,
305 3622 363 3673 aut
376 3624 442 3684 tam
457 3611 573 3691 varias,
588 3631 641 3675 res
655 3622 768 3696 potest,
782 3614 846 3677 uisi
857 3623 897 3676 ut
905 3614 1053 3677 scientiae
1066 3630 1123 3676 rne-

99 3686 221 3772 ditatio,
236 3691 438 3759 meditationi
453 3693 599 3777 facultas,
615 3697 763 3762 facultati
774 3697 827 3762 vis
835 3698 1033 3784 eloquentur
1043 3714 1124 3763 auos
