2392 4050
103 171 147 240 52
456 173 493 237 G.
509 172 620 239 Cosa.
636 171 797 240 Trcrnr·
920 172 973 261 [A.
987 174 1026 240 U.
1039 115 1112 239 822.
1175 191 1177 234 3

102 345 288 424 Novellnm,
305 342 476 410 AEmilium
490 345 665 412 Pacensem
677 347 787 411 Duces
798 343 936 411 dederat.
978 347 1040 412 Sed
1053 345 1105 410 Pa·

102 431 207 495 censis
221 451 276 514 per
298 430 461 496 licentiam
481 431 622 498 militum
642 431 792 495 vinctus:
815 433 958 495 Antonio
979 432 1105 497 Novello

101 518 195 581 nulla
209 516 400 581 auctoritas:
422 515 562 581 Suedius
577 519 727 583 Clemens
742 516 909 581 ambitioso
924 518 1052 601 imperio
1064 536 1106 580 re

102 604 208 689 gebat,
230 613 267 665 ut
288 602 440 666 adversim
463 602 652 667 modestiam
674 600 851 684 disciplinae
874 614 1048 687 corruptus,
1067 602 1107 664 ita

101 688 287 771 praeliorum
300 687 426 752 aridus.
469 687 544 752 Non
560 689 654 754 ltalia
676 686 768 768 odiri,
791 706 851 752 nec
876 689 949 752 loca
967 688 1108 770 sedesque

101 773 210 858 patriae
225 772 437 838 ridebantur:
458 782 612 856 tanquam
628 783 760 838 externa
774 772 881 836 littora
894 787 925 837 et
939 776 1032 838 urbes
1045 774 1109 837 bos

101 859 184 923 tium
199 877 300 938 urere,
321 871 455 940 vastare,
478 878 608 941 rapere:
630 859 668 924 eb
689 858 826 922 atrocitas
849 859 936 941 qnbd
961 859 1041 924 nihil
1063 878 1110 922 us
1174 887 1175 890 ¹

101 963 200 1027 quam
213 943 378 1027 provisum
392 945 562 1009 adversum
575 955 689 1010 metus.
732 944 826 1008 Pleni
841 945 919 1029 agri,
934 955 1048 1029 apertae
1062 943 1110 1007 do
1144 959 1146 964 ·
1175 947 1176 970 ¹

101 1048 176 1094 mus
190 1050 198 1094 ι
219 1041 424 1094 occursantes
437 1029 560 1094 domini
572 1029 667 1112 juxta
681 1029 835 1116 conjuges
849 1040 881 1093 et
896 1031 1009 1095 liberos
1030 1047 1112 1093 secu·

101 1114 192 1180 ritate
207 1115 295 1202 pacis
309 1126 347 1179 et
357 1115 431 1180 belli
447 1116 532 1179 malo
555 1116 899 1181 circumveniebantur.
943 1114 1112 1179 Maritimae

101 1212 172 1264 tum
187 1201 286 1283 Alpes
300 1201 426 1265 tenebat
446 1202 639 1265 Procurator
659 1200 783 1266 Marius
798 1201 957 1268 Maturus.
999 1201 1032 1264 Is
1045 1218 1113 1263 con·
1174 1271 1175 1280 ἵ

101 1286 167 1350 citi
180 1296 275 1371 gente
289 1287 363 1371 (nec
377 1286 466 1350 deest
483 1285 653 1373 juventus)
675 1304 783 1351 arcere
804 1285 979 1369 provinciae
1001 1285 1113 1350 finibus
1175 1299 1176 1344 l

102 1370 305 1436 Othonianos
319 1370 465 1436 intendit.
509 1372 573 1437 Sed
589 1372 693 1455 primo
707 1372 828 1453 impetu
844 1372 916 1437 caesi
934 1370 1114 1454 disjectique

100 1459 253 1535 montani,
268 1468 305 1521 ut
318 1459 445 1540 quibus,
459 1460 577 1523 temere
592 1459 743 1538 collectis,
762 1475 828 1521 non
845 1470 957 1539 castra,
970 1477 1037 1522 non
1052 1457 1117 1521 Du·

101 1562 172 1606 cem
187 1543 429 1625 noscitentibus,
448 1563 553 1626 neque
576 1542 611 1607 in
626 1542 761 1607 victorii
781 1543 881 1607 decus
904 1554 997 1623 esset,
1015 1560 1113 1626 neque

100 1627 136 1692 in
152 1627 229 1713 lugd
243 1628 413 1712 flagitium.

70 1725 86 1793 ,t
98 1779 99 1784 ,
143 1713 238 1778 Xlll.
262 1714 408 1780 Irritatus
429 1734 467 1778 eo
488 1714 599 1796 praelio
625 1712 763 1777 Othonis
787 1713 879 1777 miles
895 1714 988 1778 vertit
1007 1713 1070 1776 iras
1083 1711 1114 1775 in

61 1798 318 1882 ‘municipium
341 1798 475 1865 Albium
500 1799 724 1864 Intemelium:
746 1798 865 1882 quippe
884 1798 919 1861 in
945 1798 1014 1863 acie
1037 1796 1114 1862 nihil

75 1881 82 1950 .’
100 1885 235 1968 praedae:
259 1886 369 1971 inopes
383 1895 522 1968 agrestes
536 1894 567 1948 et
581 1886 661 1951 vilia
674 1904 780 1949 arma:
803 1903 863 1948 nec
877 1885 949 1967 capi
964 1892 1113 1968 poterant,

100 1971 217 2054 pernix
231 1990 336 2057 genus
350 1979 381 2036 et
398 1970 490 2057 gnari
505 1972 672 2036 locorum:
694 1971 750 2036 sed
765 1969 1001 2035 calamitatibus
1015 1969 1115 2034 inson-

99 2056 183 2121 tium
196 2059 325 2139 expleta
338 2056 480 2121 avaritie.
523 2056 627 2121 Auxit
641 2055 797 2120 invidiam
809 2058 961 2139 praeclaro
974 2056 1114 2138 exemplo

100 2140 238 2206 foemina
252 2142 363 2226 Ligus,
378 2160 453 2223 quae
468 2141 536 2206 filio
551 2140 668 2223 obdito,
683 2142 758 2206 cbm
771 2140 869 2206 simul
883 2142 1057 2224 pecuniam
1070 2159 1115 2204 oc·

101 2226 216 2291 cultari
226 2226 344 2292 milites
354 2226 572 2307 credidissent,
587 2228 688 2311 eoque
702 2247 758 2312 per
773 2228 934 2291 cruciatus
950 2227 1115 2312 interroga-

100 2322 173 2376 rent
198 2313 272 2376 ‘ubi
295 2311 402 2396 filium
423 2314 584 2378 occuleret
593 2314 617 2377 3²
640 2325 768 2377 uterum
788 2313 970 2392 ostendens,
997 2309 1115 2376 ‘latere’

100 2396 272 2481 respondit.
317 2398 386 2463 Nec
400 2397 478 2461 ullis
491 2397 608 2465 deinde
632 2399 815 2480 terroribus,
837 2408 894 2464 aut
914 2400 1025 2480 morte,
1047 2416 1129 2462 oon.

100 2483 253 2549 stantiam
266 2485 356 2549 vocis
367 2484 502 2570 egregie
517 2484 664 2550 mutavit.

145 2569 233 2636 XIV.
256 2569 446 2635 ‘Imminere
468 2569 645 2653 provinciae
671 2568 881 2650 Narbonensi,
896 2569 931 2633 in
950 2569 1050 2632 verba
1067 2566 1116 2633 Vi·

101 2655 182 2719 tellii
194 2654 322 2735 adacta,
334 2658 470 2720 classem
482 2655 638 2735 Othonis,’
654 2656 756 2720 Fabio
772 2654 898 2721 Valenti
910 2654 1026 2737 trepidi
1040 2671 1116 2719 uun-

100 2741 137 2805 tii
152 2741 296 2805 attulere.
339 2740 482 2806 Aderant
497 2741 593 2824 legati
614 2739 824 2822 coloniarum,
847 2740 1009 2804 auxilium
1031 2758 1116 2805 oran-

100 2839 157 2890 tes.
191 2826 282 2891 Duas
294 2826 510 2912 Tungrorum
520 2826 676 2905 cobortes,
687 2836 825 2909 quatuor
836 2826 980 2908 equitum
991 2834 1121 2904 turmas,

99 2911 287 2978 universam
301 2913 519 2977 Treverorum
531 2912 616 2976 alam
628 2932 704 2976 cum
719 2911 807 2975 lulio
819 2910 973 2990 Classico,
985 2910 1116 2976 Praefec-

100 3009 142 3078 to,
159 2998 265 3064 misit:
287 2997 439 3082 equibus
453 3016 527 3079 pars
539 2996 584 3061 in
599 2997 728 3062 colonia
750 2995 966 3078 Forojnliensi
989 3005 1115 3073 retenta,

100 3103 150 3165 ne,
173 3085 323 3150 omnibus
345 3083 446 3167 copiis
471 3082 506 3147 in
529 3092 675 3147 terrestre
697 3083 756 3146 iter
781 3081 890 3162 versis,
913 3101 1018 3146 vacuo
1042 3079 1116 3148 mari

101 3169 213 3233 classis
228 3171 427 3245 acceleraret.
471 3169 652 3233 Duodecim
666 3168 812 3251 equitum
826 3178 952 3249 turmae,
966 3177 999 3230 et
1013 3167 1085 3232 lecti
1098 3184 1114 3228 a

101 3255 295 3334 cohortibus,
311 3254 463 3320 adversus
477 3254 601 3318 hostem
616 3254 703 3319 iere:
725 3254 843 3336 quibus
854 3253 1009 3335 adjuncta
1022 3254 1116 3338 Ligu·

19 3356 20 3363 ¹
100 3359 176 3404 rum
189 3340 313 3419 cohors,
328 3351 421 3404 vetus
435 3337 498 3404 loci
514 3339 684 3420 auxilium,
699 3350 730 3402 et
744 3338 912 3424 quingenti
927 3338 1050 3420 Alpini,
1065 3333 1115 3422 qui

19 3496 20 3512 χ
101 3424 247 3488 nondum
260 3427 322 3488 sub
334 3425 445 3508 signis.
489 3424 558 3488 Nec
573 3443 664 3488 mora
683 3424 816 3506 praelio:
839 3422 896 3488 sed
920 3422 987 3486 acie
1010 3424 1055 3488 ita
1073 3423 1115 3489 in·

19 3568 21 3577 ,
100 3510 227 3587 structi,
242 3518 279 3573 ut
291 3528 363 3590 pars
378 3508 595 3585 classicorum,
612 3508 723 3571 mixtis
735 3509 879 3594 paganis,
894 3509 928 3573 in
941 3509 1042 3572 colles
1057 3528 1116 3573 ura-

19 3588 21 3603 '
101 3592 129 3654 ri
145 3594 340 3675 propinquos
354 3604 549 3676 exsurgeret,
571 3602 731 3674 quantum
751 3596 833 3657 iuter
856 3595 956 3658 colles
972 3615 1010 3659 ac
1031 3594 1115 3658 littus

20 3686 23 3775 ἱν
100 3675 185 3756 aequi
201 3676 274 3757 loci,
289 3676 507 3742 Praetorianus
521 3677 614 3742 miles
628 3679 825 3765 exploretis
838 3679 908 3764 ipso
920 3681 1002 3747 mari
1014 3691 1051 3747 ut
1064 3697 1115 3748 an·
