2392 4050
128 237 192 303 1⁷0
469 237 506 302 G.
523 239 633 305 Gonu.
649 238 786 305 'ruem
942 236 995 327 [b
1008 235 1114 304 utut

125 407 228 475 finem
248 410 325 475 belli
347 411 507 492 rebantur,
528 418 628 495 quern
641 412 670 475 si
684 411 870 496 promiscue
883 432 920 477 eu
936 411 1025 476 sedes
1037 406 1117 474 unni

126 496 187 595 bus
203 497 375 562 Germanis
395 497 484 577 soret,
506 508 572 578 sut,
593 496 737 580 disjecta,
758 498 859 563 Ubios
879 517 1007 582 quoque
1023 495 1118 578 disper·

125 592 228 646 ultrei.

170 667 292 733 LXIV.
313 666 418 755 Igitur
441 667 607 748 Tencteri,
629 667 745 732 Rheno
769 667 907 734 discrete
926 687 1017 755 gens,
1036 664 1120 731 uisis

126 752 251 839 legetis,
265 756 417 818 mundns
430 754 518 837 upnd
531 753 710 818 concilium
724 754 1010 839 Agrippinensium
1023 753 1070 816 edi
1084 750 1122 833 ju·

126 838 225 903 bent:
246 859 321 922 quae
334 838 554 905 ferocissimus
567 859 587 903 e
601 839 715 925 legetis
734 840 771 903 in
784 840 874 904 hunc
887 839 1023 905 rnodum
1037 849 1122 922 protn

126 924 186 990 lit:
211 923 362 989 ‘Redisse
375 944 434 990 ros
455 925 490 990 iu
511 945 629 1008 corpus
649 944 831 1008 nomenque
846 925 1038 1004 Germanis,
1057 940 1124 987 cun

126 1010 282 1075 munibus
292 1011 371 1074 Deis
381 1021 414 1074 et
424 1012 585 1096 precipuo
597 1011 752 1091 Deorum,
768 1012 872 1093 Murri,
885 1022 993 1110 gretes
1004 1010 1124 1097 ngirms

126 1095 283 1179 vobisque
307 1098 518 1183 gratulamur,
539 1096 627 1178 qubd
652 1095 783 1160 undem
807 1098 899 1162 liberi
920 1098 1005 1163 iuter
1029 1096 1125 1160 liberor

125 1180 224 1245 eritis.
269 1183 357 1248 Num
370 1181 411 1246 ud
432 1182 523 1248 hunc
542 1181 631 1247 diem
651 1180 787 1250 flumina
807 1203 845 1248 uc
867 1193 967 1247 terres
980 1192 1014 1246 et
1027 1182 1126 1245 coelun

126 1265 365 1351 quodammodo
394 1267 502 1352 ipsum
526 1269 711 1332 clauserunt
733 1266 891 1333 Romani:
915 1279 956 1332 ut
985 1264 1127 1358 colloqnis

126 1352 1128 1524 turtureum„luffltutltlllptltll‘ll

127 1522 259 1588 custode
272 1537 305 1588 et
318 1523 420 1608 pretio
435 1520 604 1590 sciremus.
619 1488 628 1521 ’
648 1523 724 1605 Sed,
740 1533 778 1588 ut
792 1523 933 1589 amicitis
946 1485 1128 1606 societisque

126 1609 290 1675 nostruin
308 1622 466 1677 eternum
489 1621 558 1675 rute
581 1610 633 1691 sit,
654 1610 854 1694 postulamus
873 1631 894 1673 u
907 1611 1012 1692 robis,
1036 1623 1128 1673 murus

127 1695 276 1776 colouiae,
297 1696 498 1761 munimenta
511 1695 642 1777 servitii,
656 1694 849 1776 detrahatis3
871 1695 983 1782 (etium
1000 1695 1065 1760 fera
1076 1689 1128 1755 eui

126 1781 236 1862 mulie,
251 1783 406 1848 ricluusu
418 1792 536 1860 teneus,
550 1781 678 1847 virtutis
692 1780 963 1865 ubliviscuntu13)
985 1781 1128 1846 Romanus

128 1885 243 1932 omnes
256 1868 292 1932 in
306 1867 426 1933 linibus
445 1867 557 1931 vestris
578 1866 763 1933 trucidetis:
785 1867 885 1954 (bsud
907 1866 1006 1931 facile
1022 1867 1128 1931 liberte

128 1963 160 2018 et
173 1953 298 2018 domini
313 1954 487 2018 miscentur
499 1953 523 2039 ς)
537 1953 623 2016 bons
636 1952 875 2018 interfecturum
888 1951 923 2016 in
937 1952 1082 2018 medium
1092 1967 1128 2011 ce

128 2039 217 2120 dunt,
239 2040 369 2123 nequis
389 2040 537 2103 occulere
558 2041 735 2123 quicquum
753 2050 809 2103 sut
822 2059 992 2127 segregare
1016 2050 1128 2103 cuussn

128 2144 222 2191 suum
236 2126 345 2208 possit.
388 2124 500 2189 Liceat
513 2125 607 2189 nobis
620 2125 776 2208 vobisque
794 2134 964 2209 utrumque
978 2125 1081 2209 ripum
1090 2137 1128 2183 cc

128 2211 203 2291 lere,
225 2219 263 2273 ut
286 2210 366 2274 olim
388 2208 562 2290 majoribus
581 2210 721 2275 uostris:
742 2209 900 2293 quomodo
919 2212 1031 2275 lucem
1048 2208 1127 2272 dien

128 2314 192 2379 que
215 2294 362 2361 omnibus
385 2293 591 2378 homiuibus;
614 2295 660 2360 itu
673 2315 785 2360 omnes
802 2306 901 2359 terres
918 2294 1056 2361 fortibus
1067 2290 1127 2357 vird

128 2391 246 2447 nature
265 2381 397 2466 speruit
440 2381 592 2446 Instituta
616 2383 805 2464 cultumque
826 2381 967 2464 putrium
988 2376 1128 2450 resumite,

129 2468 274 2552 abruptis
287 2465 514 2551 voluptatibus,
530 2468 655 2549 quibus
669 2466 807 2532 Romani
821 2468 894 2549 plus
909 2466 1061 2530 adversis
1072 2460 1129 2554 sub

126 2552 237 2636 jectos,
258 2560 357 2636 quum
371 2552 478 2632 umis,
499 2553 629 2617 velent:
651 2554 796 2617 sincerus
815 2562 846 2615 et
863 2552 986 2638 integer
1001 2563 1037 2615 et
1049 2562 1129 2613 seru

129 2640 211 2787 tutils>
220 2641 339 2758 oblitus
357 2639 505 2722 populus,
528 2649 583 2702 sut
598 2658 640 2703 ex
654 2657 748 2723 aequo
762 2636 871 2726 agetis,
892 2650 948 2701 sut
961 2637 1037 2701 eliis
1050 2637 1131 2716 impe

129 2725 190 2790 ritu
211 2724 273 2787 itis.

174 2809 279 2874 LXV.
301 2806 562 2895 Agrippinenses,
577 2817 686 2873 sumto
700 2807 905 2873 consultandi
918 2806 1032 2892 spatio,
1045 2819 1131 2889 qusn-

131 2894 173 2963 du
191 2914 297 2981 neque
312 2893 420 2959 subire
439 2895 641 2959 conditiones
663 2904 768 2957 metus
789 2892 899 2976 futuri,
920 2912 1027 2976 neque
1041 2890 1130 2975 pullu

132 2981 295 3068 uspcruuri
311 2980 452 3046 conditio
466 2991 616 3063 presens,
638 2980 769 3061 sinebat,
784 2980 819 3045 in
833 2979 921 3044 hunc
935 2978 1068 3044 modum
1080 2992 1130 3037 res

130 3067 295 3154 pendent:
318 3068 424 3139 ‘Quae
437 3067 542 3151 prims
552 3066 704 3131 libertatis
714 3063 850 3129 facultas
864 3063 938 3128 dsts
950 3076 1006 3148 est,
1020 3059 1129 3155 auidiis

130 3174 231 3239 quum
244 3155 378 3233 cuutir'rs,
399 3154 584 3233 sumsimus,
606 3162 645 3215 ut
665 3150 755 3216 vobis
776 3152 950 3234 ceterisque
964 3151 1128 3220 Germanis,

132 3239 523 3325 consanguineisuustris,
533 3238 754 3323 jungeremur.
790 3233 1128 3312 sinemurensem

132 3326 343 3413 gregantibus'
353 3346 388 3389 se
402 3330 476 3389 curn
486 3322 628 3389 maxime
640 3323 860 3387 Romanorum
874 3320 1070 3395 exercitibus,
1083 3333 1127 3412 sn

133 3430 209 3497 gere
223 3408 325 3489 uobis,
351 3410 450 3491 qudrn
472 3411 609 3491 diruere,
631 3409 732 3473 tutius
753 3417 808 3473 est
852 3408 888 3474 Si
909 3407 966 3491 qui
989 3399 1129 3474 exlusit

134 3505 190 3558 sut
203 3493 387 3577 provinciis,
413 3493 508 3556 alieni
534 3514 601 3559 euae
617 3494 651 3558 in
665 3494 786 3557 finibus
800 3492 916 3557 nostris
931 3492 1060 3569 filerunt,
1082 3502 1126 3548 eus

133 3579 256 3642 bellum
280 3578 445 3657 absumsit,
472 3516 534 3641 vei
555 3578 591 3640 in
618 3598 693 3642 snus
718 3579 853 3661 quisque
874 3575 964 3642 mdes
989 3573 1125 3664 reingere

134 3661 291 3725 Deductis
304 3662 383 3726 olim
397 3671 429 3724 et
441 3662 613 3727 nobiscum
631 3682 688 3745 per
702 3659 902 3728 connubium
914 3661 1047 3738 sociatis,
1067 3673 1124 3750 qur·

134 3764 198 3827 que
212 3763 289 3809 mox
312 3746 495 3830 provenere,
516 3747 588 3813 hec
613 3748 715 3831 putris
737 3759 792 3813 est
833 3748 906 3814 Nec
919 3768 977 3813 ros
992 3742 1124 3812 edebinr
