<?xml version="1.0" encoding="UTF-8"?>
<!DOCTYPE html PUBLIC "-//W3C//DTD XHTML 1.0 Transitional//EN"
    "http://www.w3.org/TR/xhtml1/DTD/xhtml1-transitional.dtd">
<html xmlns="http://www.w3.org/1999/xhtml" xml:lang="en" lang="en">
 <head>
  <title>
</title>
<meta http-equiv="Content-Type" content="text/html;charset=utf-8" />
  <meta name='ocr-system' content='tesseract 3.04.00' />
  <meta name='ocr-capabilities' content='ocr_page ocr_carea ocr_par ocr_line ocrx_word'/>
</head>
<body>
  <div class='ocr_page' id='page_1' title='image "./ccorneliitaciti37tacigoog_0454.png"; bbox 0 0 2392 4050; ppageno 0'>
   <div class='ocr_carea' id='block_1_1' title="bbox 329 153 794 221">
    <p class='ocr_par' dir='ltr' id='par_1_1' title="bbox 329 153 794 221">
     <span class='ocr_line' id='line_1_1' title="bbox 329 153 794 221; baseline -0.004 0"><span class='ocrx_word' id='word_1_1' title='bbox 329 175 377 221; x_wconf 85' lang='lat' dir='ltr'>rnr</span> <span class='ocrx_word' id='word_1_2' title='bbox 392 153 557 220; x_wconf 72' lang='lat' dir='ltr'>Monens</span> <span class='ocrx_word' id='word_1_3' title='bbox 574 153 794 221; x_wconf 77' lang='lat' dir='ltr'>Geeurnrru</span> 
     </span>
    </p>
   </div>
   <div class='ocr_carea' id='block_1_2' title="bbox 30 324 1160 3752">
    <p class='ocr_par' dir='ltr' id='par_1_2' title="bbox 54 324 1154 1095">
     <span class='ocr_line' id='line_1_2' title="bbox 54 324 1151 410; baseline -0.004 -16"><span class='ocrx_word' id='word_1_4' title='bbox 54 327 105 394; x_wconf 85' lang='lat' dir='ltr'>sis</span> <span class='ocrx_word' id='word_1_5' title='bbox 120 324 278 394; x_wconf 81' lang='lat' dir='ltr'>Bructeris</span> <span class='ocrx_word' id='word_1_6' title='bbox 291 345 330 392; x_wconf 79' lang='lat' dir='ltr'>ec</span> <span class='ocrx_word' id='word_1_7' title='bbox 343 327 473 410; x_wconf 86' lang='lat' dir='ltr'>penitus</span> <span class='ocrx_word' id='word_1_8' title='bbox 493 326 621 408; x_wconf 83' lang='lat' dir='ltr'>excisis,</span> <span class='ocrx_word' id='word_1_9' title='bbox 636 325 819 390; x_wconf 78' lang='lat' dir='ltr'>vicinarum</span> <span class='ocrx_word' id='word_1_10' title='bbox 840 342 999 391; x_wconf 82' lang='lat' dir='ltr'>museum</span> <span class='ocrx_word' id='word_1_11' title='bbox 1014 342 1071 390; x_wconf 79' lang='lat' dir='ltr'>ns·</span> <span class='ocrx_word' id='word_1_12' title='bbox 1149 327 1151 370; x_wconf 58' lang='lat' dir='ltr'>i</span> 
     </span>
     <span class='ocr_line' id='line_1_3' title="bbox 55 410 1152 502; baseline -0.001 -25"><span class='ocrx_word' id='word_1_13' title='bbox 55 413 198 479; x_wconf 84' lang='lat' dir='ltr'>tionum:</span> <span class='ocrx_word' id='word_1_14' title='bbox 220 432 279 477; x_wconf 87' lang='lat' dir='ltr'>seu</span> <span class='ocrx_word' id='word_1_15' title='bbox 303 411 461 496; x_wconf 75' lang='lat' dir='ltr'>superbie</span> <span class='ocrx_word' id='word_1_16' title='bbox 484 411 568 492; x_wconf 83' lang='lat' dir='ltr'>edio,</span> <span class='ocrx_word' id='word_1_17' title='bbox 593 432 651 477; x_wconf 88' lang='lat' dir='ltr'>seu</span> <span class='ocrx_word' id='word_1_18' title='bbox 670 410 789 498; x_wconf 78' lang='lat' dir='ltr'>praedae</span> <span class='ocrx_word' id='word_1_19' title='bbox 812 410 993 492; x_wconf 82' lang='lat' dir='ltr'>dulcedine,</span> <span class='ocrx_word' id='word_1_20' title='bbox 1012 429 1070 476; x_wconf 87' lang='lat' dir='ltr'>seu</span> <span class='ocrx_word' id='word_1_21' title='bbox 1150 421 1152 502; x_wconf 59' lang='lat' dir='ltr'>t</span> 
     </span>
     <span class='ocr_line' id='line_1_4' title="bbox 56 497 1153 582; baseline -0.004 -18"><span class='ocrx_word' id='word_1_22' title='bbox 56 498 169 566; x_wconf 77' lang='lat' dir='ltr'>ferere</span> <span class='ocrx_word' id='word_1_23' title='bbox 191 498 333 582; x_wconf 87' lang='lat' dir='ltr'>quodem</span> <span class='ocrx_word' id='word_1_24' title='bbox 353 517 387 561; x_wconf 91' lang='lat' dir='ltr'>er</span> <span class='ocrx_word' id='word_1_25' title='bbox 409 518 433 561; x_wconf 82' lang='lat' dir='ltr'>s</span> <span class='ocrx_word' id='word_1_26' title='bbox 453 515 514 562; x_wconf 86' lang='lat' dir='ltr'>nos</span> <span class='ocrx_word' id='word_1_27' title='bbox 537 497 700 562; x_wconf 83' lang='lat' dir='ltr'>Deorum:</span> <span class='ocrx_word' id='word_1_28' title='bbox 723 515 801 561; x_wconf 85' lang='lat' dir='ltr'>uem</span> <span class='ocrx_word' id='word_1_29' title='bbox 824 514 866 561; x_wconf 85' lang='lat' dir='ltr'>uc</span> <span class='ocrx_word' id='word_1_30' title='bbox 886 497 1071 580; x_wconf 68' lang='lat' dir='ltr'>spectaculo</span> <span class='ocrx_word' id='word_1_31' title='bbox 1151 521 1153 550; x_wconf 63' lang='lat' dir='ltr'>i</span> 
     </span>
     <span class='ocr_line' id='line_1_5' title="bbox 56 517 1072 680; baseline -0.004 -32"><span class='ocrx_word' id='word_1_32' title='bbox 56 583 188 668; x_wconf 86' lang='lat' dir='ltr'>quidem</span> <span class='ocrx_word' id='word_1_33' title='bbox 197 583 300 668; x_wconf 82' lang='lat' dir='ltr'>prelii</span> <span class='ocrx_word' id='word_1_34' title='bbox 311 517 474 648; x_wconf 63' lang='lat' dir='ltr'>invitine:</span> <span class='ocrx_word' id='word_1_35' title='bbox 496 601 591 666; x_wconf 86' lang='lat' dir='ltr'>super</span> <span class='ocrx_word' id='word_1_36' title='bbox 600 581 766 680; x_wconf 75' lang='lat' dir='ltr'>sexaginte</span> <span class='ocrx_word' id='word_1_37' title='bbox 777 581 889 663; x_wconf 81' lang='lat' dir='ltr'>millio,</span> <span class='ocrx_word' id='word_1_38' title='bbox 897 600 963 647; x_wconf 88' lang='lat' dir='ltr'>uon</span> <span class='ocrx_word' id='word_1_39' title='bbox 974 580 1072 648; x_wconf 75' lang='lat' dir='ltr'>ermis</span> 
     </span>
     <span class='ocr_line' id='line_1_6' title="bbox 55 666 1154 755; baseline -0.005 -18"><span class='ocrx_word' id='word_1_40' title='bbox 55 671 190 755; x_wconf 79' lang='lat' dir='ltr'>telisque</span> <span class='ocrx_word' id='word_1_41' title='bbox 211 668 376 749; x_wconf 76' lang='lat' dir='ltr'>Romanis,</span> <span class='ocrx_word' id='word_1_42' title='bbox 397 666 463 747; x_wconf 88' lang='lat' dir='ltr'>sed,</span> <span class='ocrx_word' id='word_1_43' title='bbox 477 667 565 750; x_wconf 86' lang='lat' dir='ltr'>quod</span> <span class='ocrx_word' id='word_1_44' title='bbox 585 666 845 753; x_wconf 76' lang='lat' dir='ltr'>magnificentius</span> <span class='ocrx_word' id='word_1_45' title='bbox 865 677 922 747; x_wconf 86' lang='lat' dir='ltr'>est,</span> <span class='ocrx_word' id='word_1_46' title='bbox 936 668 1072 732; x_wconf 80' lang='lat' dir='ltr'>oblecte-</span> <span class='ocrx_word' id='word_1_47' title='bbox 1153 679 1154 690; x_wconf 59' lang='lat'>¹</span> 
     </span>
     <span class='ocr_line' id='line_1_7' title="bbox 55 752 1072 838; baseline 0 -18"><span class='ocrx_word' id='word_1_48' title='bbox 55 755 142 822; x_wconf 87' lang='lat' dir='ltr'>tioni</span> <span class='ocrx_word' id='word_1_49' title='bbox 164 756 333 838; x_wconf 80' lang='lat' dir='ltr'>oculisque</span> <span class='ocrx_word' id='word_1_50' title='bbox 360 752 553 818; x_wconf 85' lang='lat' dir='ltr'>cecideruut</span> <span class='ocrx_word' id='word_1_51' title='bbox 604 753 742 834; x_wconf 76' lang='lat' dir='ltr'>Maneat,</span> <span class='ocrx_word' id='word_1_52' title='bbox 770 773 888 837; x_wconf 77' lang='lat' dir='ltr'>queso,</span> <span class='ocrx_word' id='word_1_53' title='bbox 915 752 1072 836; x_wconf 82' lang='lat' dir='ltr'>duretque</span> 
     </span>
     <span class='ocr_line' id='line_1_8' title="bbox 57 837 1072 926; baseline -0.002 -22"><span class='ocrx_word' id='word_1_54' title='bbox 57 842 215 926; x_wconf 79' lang='lat' dir='ltr'>gentibus,</span> <span class='ocrx_word' id='word_1_55' title='bbox 230 839 260 904; x_wconf 91' lang='lat' dir='ltr'>si</span> <span class='ocrx_word' id='word_1_56' title='bbox 273 858 339 905; x_wconf 89' lang='lat' dir='ltr'>non</span> <span class='ocrx_word' id='word_1_57' title='bbox 355 847 443 906; x_wconf 80' lang='lat' dir='ltr'>umor</span> <span class='ocrx_word' id='word_1_58' title='bbox 453 838 562 919; x_wconf 77' lang='lat' dir='ltr'>nostri,</span> <span class='ocrx_word' id='word_1_59' title='bbox 573 849 607 902; x_wconf 80' lang='lat' dir='ltr'>et</span> <span class='ocrx_word' id='word_1_60' title='bbox 616 839 702 903; x_wconf 70' lang='lat' dir='ltr'>certe</span> <span class='ocrx_word' id='word_1_61' title='bbox 715 837 827 904; x_wconf 86' lang='lat' dir='ltr'>odium</span> <span class='ocrx_word' id='word_1_62' title='bbox 841 839 911 905; x_wconf 84' lang='lat' dir='ltr'>sui:</span> <span class='ocrx_word' id='word_1_63' title='bbox 932 837 1072 922; x_wconf 70' lang='lat' dir='ltr'>quando,</span> 
     </span>
     <span class='ocr_line' id='line_1_9' title="bbox 57 922 1072 1013; baseline 0.002 -23"><span class='ocrx_word' id='word_1_64' title='bbox 57 925 249 1013; x_wconf 81' lang='lat' dir='ltr'>urgentibus</span> <span class='ocrx_word' id='word_1_65' title='bbox 260 923 388 1009; x_wconf 86' lang='lat' dir='ltr'>Imperii</span> <span class='ocrx_word' id='word_1_66' title='bbox 396 922 480 1003; x_wconf 81' lang='lat' dir='ltr'>setis,</span> <span class='ocrx_word' id='word_1_67' title='bbox 490 923 572 989; x_wconf 84' lang='lat' dir='ltr'>nihil</span> <span class='ocrx_word' id='word_1_68' title='bbox 582 924 651 1005; x_wconf 86' lang='lat' dir='ltr'>jem</span> <span class='ocrx_word' id='word_1_69' title='bbox 665 935 812 1008; x_wconf 79' lang='lat' dir='ltr'>prestere</span> <span class='ocrx_word' id='word_1_70' title='bbox 825 922 954 990; x_wconf 78' lang='lat' dir='ltr'>fortune</span> <span class='ocrx_word' id='word_1_71' title='bbox 967 923 1072 1007; x_wconf 71' lang='lat' dir='ltr'>msju·</span> 
     </span>
     <span class='ocr_line' id='line_1_10' title="bbox 58 1008 657 1095; baseline -0.003 -20"><span class='ocrx_word' id='word_1_72' title='bbox 58 1022 170 1095; x_wconf 88' lang='lat' dir='ltr'>potest,</span> <span class='ocrx_word' id='word_1_73' title='bbox 185 1011 284 1095; x_wconf 74' lang='lat' dir='ltr'>quim</span> <span class='ocrx_word' id='word_1_74' title='bbox 297 1009 440 1076; x_wconf 90' lang='lat' dir='ltr'>hostium</span> <span class='ocrx_word' id='word_1_75' title='bbox 451 1008 657 1074; x_wconf 80' lang='lat' dir='ltr'>discordium.</span> 
     </span>
    </p>

    <p class='ocr_par' dir='ltr' id='par_1_3' title="bbox 30 1093 1073 1183">
     <span class='ocr_line' id='line_1_11' title="bbox 30 1093 1073 1183; baseline -0.003 -19"><span class='ocrx_word' id='word_1_76' title='bbox 30 1113 48 1132; x_wconf 61' lang='lat'><strong>³</strong></span> <span class='ocrx_word' id='word_1_77' title='bbox 103 1096 260 1164; x_wconf 84' lang='lat' dir='ltr'>XXXIV.</span> <span class='ocrx_word' id='word_1_78' title='bbox 281 1099 333 1160; x_wconf 83' lang='lat' dir='ltr'>An</span> <span class='ocrx_word' id='word_1_79' title='bbox 373 1094 492 1160; x_wconf 75' lang='lat' dir='ltr'>inuios</span> <span class='ocrx_word' id='word_1_80' title='bbox 505 1106 538 1159; x_wconf 88' lang='lat' dir='ltr'>ct</span> <span class='ocrx_word' id='word_1_81' title='bbox 551 1093 735 1160; x_wconf 76' lang='lat' dir='ltr'>Chamavos</span> <span class='ocrx_word' id='word_1_82' title='bbox 748 1114 769 1157; x_wconf 82' lang='lat' dir='ltr'>e</span> <span class='ocrx_word' id='word_1_83' title='bbox 788 1104 878 1180; x_wconf 77' lang='lat' dir='ltr'>tergo</span> <span class='ocrx_word' id='word_1_84' title='bbox 900 1093 1073 1183; x_wconf 75' lang='lat' dir='ltr'>Duigibini</span> 
     </span>
    </p>

    <p class='ocr_par' dir='ltr' id='par_1_4' title="bbox 30 1149 1078 2273">
     <span class='ocr_line' id='line_1_12' title="bbox 30 1149 1074 1267; baseline 0.001 -21"><span class='ocrx_word' id='word_1_85' title='bbox 30 1149 40 1220; x_wconf 57' lang='lat' dir='ltr'>i</span> <span class='ocrx_word' id='word_1_86' title='bbox 59 1192 91 1246; x_wconf 87' lang='lat' dir='ltr'>et</span> <span class='ocrx_word' id='word_1_87' title='bbox 103 1182 261 1248; x_wconf 80' lang='lat' dir='ltr'>Obmuuri</span> <span class='ocrx_word' id='word_1_88' title='bbox 274 1182 302 1247; x_wconf 88' lang='lat' dir='ltr'>ol</span> <span class='ocrx_word' id='word_1_89' title='bbox 350 1190 411 1246; x_wconf 90' lang='lat' dir='ltr'>unt</span> <span class='ocrx_word' id='word_1_90' title='bbox 424 1179 560 1263; x_wconf 74' lang='lat' dir='ltr'>alteque</span> <span class='ocrx_word' id='word_1_91' title='bbox 573 1189 693 1267; x_wconf 76' lang='lat' dir='ltr'>gentes,</span> <span class='ocrx_word' id='word_1_92' title='bbox 708 1178 796 1244; x_wconf 74' lang='lat' dir='ltr'>haud</span> <span class='ocrx_word' id='word_1_93' title='bbox 811 1178 942 1263; x_wconf 77' lang='lat' dir='ltr'>perinde</span> <span class='ocrx_word' id='word_1_94' title='bbox 955 1200 1074 1247; x_wconf 74' lang='lat' dir='ltr'>memo</span> 
     </span>
     <span class='ocr_line' id='line_1_13' title="bbox 59 1264 1074 1354; baseline 0.004 -22"><span class='ocrx_word' id='word_1_95' title='bbox 59 1277 146 1332; x_wconf 78' lang='lat' dir='ltr'>rete.</span> <span class='ocrx_word' id='word_1_96' title='bbox 188 1269 219 1333; x_wconf 83' lang='lat' dir='ltr'>A</span> <span class='ocrx_word' id='word_1_97' title='bbox 232 1266 336 1332; x_wconf 85' lang='lat' dir='ltr'>fronte</span> <span class='ocrx_word' id='word_1_98' title='bbox 345 1265 442 1332; x_wconf 82' lang='lat' dir='ltr'>Frisii</span> <span class='ocrx_word' id='word_1_99' title='bbox 453 1264 630 1349; x_wconf 86' lang='lat' dir='ltr'>excipiunt.</span> <span class='ocrx_word' id='word_1_100' title='bbox 672 1265 865 1354; x_wconf 76' lang='lat' dir='ltr'>Majoriics</span> <span class='ocrx_word' id='word_1_101' title='bbox 873 1267 1074 1336; x_wconf 62' lang='lat' dir='ltr'>mineribus</span> 
     </span>
     <span class='ocr_line' id='line_1_14' title="bbox 62 1351 1073 1439; baseline 0 -19"><span class='ocrx_word' id='word_1_102' title='bbox 62 1374 124 1439; x_wconf 81' lang='lat' dir='ltr'>pue</span> <span class='ocrx_word' id='word_1_103' title='bbox 139 1353 270 1420; x_wconf 63' lang='lat' dir='ltr'>Frisiis</span> <span class='ocrx_word' id='word_1_104' title='bbox 293 1351 491 1431; x_wconf 76' lang='lat' dir='ltr'>vocabulum</span> <span class='ocrx_word' id='word_1_105' title='bbox 511 1360 560 1416; x_wconf 85' lang='lat' dir='ltr'>est</span> <span class='ocrx_word' id='word_1_106' title='bbox 584 1370 627 1416; x_wconf 85' lang='lat' dir='ltr'>ex</span> <span class='ocrx_word' id='word_1_107' title='bbox 648 1351 744 1417; x_wconf 89' lang='lat' dir='ltr'>modo</span> <span class='ocrx_word' id='word_1_108' title='bbox 766 1352 905 1418; x_wconf 76' lang='lat' dir='ltr'>sirium:</span> <span class='ocrx_word' id='word_1_109' title='bbox 926 1364 1073 1437; x_wconf 76' lang='lat' dir='ltr'>utreque</span> 
     </span>
     <span class='ocr_line' id='line_1_15' title="bbox 60 1435 1075 1522; baseline 0.004 -21"><span class='ocrx_word' id='word_1_110' title='bbox 60 1436 206 1503; x_wconf 81' lang='lat' dir='ltr'>ustiones</span> <span class='ocrx_word' id='word_1_111' title='bbox 227 1457 329 1522; x_wconf 88' lang='lat' dir='ltr'>usqne</span> <span class='ocrx_word' id='word_1_112' title='bbox 351 1437 392 1502; x_wconf 88' lang='lat' dir='ltr'>ed</span> <span class='ocrx_word' id='word_1_113' title='bbox 414 1435 582 1504; x_wconf 70' lang='lat' dir='ltr'>Oceanum</span> <span class='ocrx_word' id='word_1_114' title='bbox 604 1435 720 1503; x_wconf 81' lang='lat' dir='ltr'>Rheno</span> <span class='ocrx_word' id='word_1_115' title='bbox 733 1448 961 1522; x_wconf 70' lang='lat' dir='ltr'><strong>praetexuntur,</strong></span> <span class='ocrx_word' id='word_1_116' title='bbox 976 1439 1075 1505; x_wconf 72' lang='lat' dir='ltr'>umbi</span> 
     </span>
     <span class='ocr_line' id='line_1_16' title="bbox 61 1523 1075 1608; baseline 0.004 -21"><span class='ocrx_word' id='word_1_117' title='bbox 61 1523 367 1608; x_wconf 83' lang='lat' dir='ltr'>uutqueimmcusos</span> <span class='ocrx_word' id='word_1_118' title='bbox 380 1523 816 1606; x_wconf 83' lang='lat' dir='ltr'>insuperiocueetRomsuis</span> <span class='ocrx_word' id='word_1_119' title='bbox 829 1525 1075 1592; x_wconf 71' lang='lat' dir='ltr'>classibusnsr·</span> 
     </span>
     <span class='ocr_line' id='line_1_17' title="bbox 62 1607 1075 1696; baseline 0.002 -22"><span class='ocrx_word' id='word_1_120' title='bbox 62 1607 173 1696; x_wconf 80' lang='lat' dir='ltr'>igstoe</span> <span class='ocrx_word' id='word_1_121' title='bbox 216 1609 328 1694; x_wconf 88' lang='lat' dir='ltr'>Ipsum</span> <span class='ocrx_word' id='word_1_122' title='bbox 342 1607 422 1691; x_wconf 87' lang='lat' dir='ltr'>quin</span> <span class='ocrx_word' id='word_1_123' title='bbox 435 1607 532 1672; x_wconf 83' lang='lat' dir='ltr'>etiem</span> <span class='ocrx_word' id='word_1_124' title='bbox 547 1610 716 1673; x_wconf 74' lang='lat' dir='ltr'>Oceanum</span> <span class='ocrx_word' id='word_1_125' title='bbox 730 1609 788 1674; x_wconf 77' lang='lat' dir='ltr'>int</span> <span class='ocrx_word' id='word_1_126' title='bbox 806 1611 1021 1688; x_wconf 70' lang='lat' dir='ltr'>tentavimus:</span> <span class='ocrx_word' id='word_1_127' title='bbox 1041 1620 1075 1676; x_wconf 87' lang='lat' dir='ltr'>et</span> 
     </span>
     <span class='ocr_line' id='line_1_18' title="bbox 62 1692 1075 1782; baseline 0.004 -25"><span class='ocrx_word' id='word_1_128' title='bbox 62 1712 227 1778; x_wconf 75' lang='lat' dir='ltr'>superesse</span> <span class='ocrx_word' id='word_1_129' title='bbox 241 1693 348 1759; x_wconf 75' lang='lat' dir='ltr'>adhuc</span> <span class='ocrx_word' id='word_1_130' title='bbox 362 1692 512 1758; x_wconf 85' lang='lat' dir='ltr'>Herculis</span> <span class='ocrx_word' id='word_1_131' title='bbox 525 1695 694 1759; x_wconf 82' lang='lat' dir='ltr'>columnus</span> <span class='ocrx_word' id='word_1_132' title='bbox 708 1693 795 1758; x_wconf 79' lang='lat' dir='ltr'>ieme</span> <span class='ocrx_word' id='word_1_133' title='bbox 814 1695 983 1782; x_wconf 75' lang='lat' dir='ltr'>vulgarit:</span> <span class='ocrx_word' id='word_1_134' title='bbox 1004 1695 1075 1761; x_wconf 75' lang='lat' dir='ltr'>sire</span> 
     </span>
     <span class='ocr_line' id='line_1_19' title="bbox 61 1777 1075 1865; baseline 0.002 -21"><span class='ocrx_word' id='word_1_135' title='bbox 61 1778 140 1845; x_wconf 72' lang='lat' dir='ltr'>odiit</span> <span class='ocrx_word' id='word_1_136' title='bbox 153 1780 319 1860; x_wconf 83' lang='lat' dir='ltr'>Hercules,</span> <span class='ocrx_word' id='word_1_137' title='bbox 335 1797 401 1857; x_wconf 86' lang='lat' dir='ltr'>seu,</span> <span class='ocrx_word' id='word_1_138' title='bbox 417 1777 572 1863; x_wconf 87' lang='lat' dir='ltr'>quicquid</span> <span class='ocrx_word' id='word_1_139' title='bbox 595 1779 715 1863; x_wconf 89' lang='lat' dir='ltr'>ubique</span> <span class='ocrx_word' id='word_1_140' title='bbox 740 1779 952 1865; x_wconf 75' lang='lat' dir='ltr'>magnificum</span> <span class='ocrx_word' id='word_1_141' title='bbox 967 1790 1025 1860; x_wconf 82' lang='lat' dir='ltr'>est,</span> <span class='ocrx_word' id='word_1_142' title='bbox 1039 1777 1075 1846; x_wconf 83' lang='lat' dir='ltr'>iu</span> 
     </span>
     <span class='ocr_line' id='line_1_20' title="bbox 64 1863 1077 1948; baseline 0.002 -19"><span class='ocrx_word' id='word_1_143' title='bbox 64 1866 239 1934; x_wconf 72' lang='lat' dir='ltr'>claritatem</span> <span class='ocrx_word' id='word_1_144' title='bbox 260 1864 333 1948; x_wconf 83' lang='lat' dir='ltr'>ejus</span> <span class='ocrx_word' id='word_1_145' title='bbox 346 1863 461 1929; x_wconf 83' lang='lat' dir='ltr'>referre</span> <span class='ocrx_word' id='word_1_146' title='bbox 473 1865 707 1930; x_wconf 77' lang='lat' dir='ltr'>consensimus.</span> <span class='ocrx_word' id='word_1_147' title='bbox 750 1864 819 1929; x_wconf 87' lang='lat' dir='ltr'>Nec</span> <span class='ocrx_word' id='word_1_148' title='bbox 833 1864 937 1931; x_wconf 80' lang='lat' dir='ltr'>defuit</span> <span class='ocrx_word' id='word_1_149' title='bbox 957 1864 1077 1932; x_wconf 80' lang='lat' dir='ltr'>cuden-</span> 
     </span>
     <span class='ocr_line' id='line_1_21' title="bbox 64 1948 1076 2018; baseline 0.003 -3"><span class='ocrx_word' id='word_1_150' title='bbox 64 1950 108 2015; x_wconf 87' lang='lat' dir='ltr'>tie</span> <span class='ocrx_word' id='word_1_151' title='bbox 128 1952 238 2016; x_wconf 84' lang='lat' dir='ltr'>Druso</span> <span class='ocrx_word' id='word_1_152' title='bbox 253 1949 466 2015; x_wconf 71' lang='lat' dir='ltr'>Germanico:</span> <span class='ocrx_word' id='word_1_153' title='bbox 488 1948 544 2015; x_wconf 84' lang='lat' dir='ltr'>sed</span> <span class='ocrx_word' id='word_1_154' title='bbox 558 1950 679 2016; x_wconf 90' lang='lat' dir='ltr'>obstitit</span> <span class='ocrx_word' id='word_1_155' title='bbox 699 1950 850 2016; x_wconf 78' lang='lat' dir='ltr'>Oceanus</span> <span class='ocrx_word' id='word_1_156' title='bbox 871 1952 907 2018; x_wconf 90' lang='lat' dir='ltr'>iu</span> <span class='ocrx_word' id='word_1_157' title='bbox 928 1971 963 2017; x_wconf 89' lang='lat' dir='ltr'>se</span> <span class='ocrx_word' id='word_1_158' title='bbox 976 1949 1076 2018; x_wconf 85' lang='lat' dir='ltr'>simul</span> 
     </span>
     <span class='ocr_line' id='line_1_22' title="bbox 65 2035 1078 2123; baseline 0.002 -22"><span class='ocrx_word' id='word_1_159' title='bbox 65 2047 160 2123; x_wconf 80' lang='lat' dir='ltr'>etque</span> <span class='ocrx_word' id='word_1_160' title='bbox 174 2038 210 2102; x_wconf 91' lang='lat' dir='ltr'>in</span> <span class='ocrx_word' id='word_1_161' title='bbox 221 2037 397 2103; x_wconf 76' lang='lat' dir='ltr'><strong>Herculem</strong></span> <span class='ocrx_word' id='word_1_162' title='bbox 410 2035 541 2119; x_wconf 88' lang='lat' dir='ltr'><strong>inquiri.</strong></span> <span class='ocrx_word' id='word_1_163' title='bbox 585 2036 666 2103; x_wconf 86' lang='lat' dir='ltr'>Mox</span> <span class='ocrx_word' id='word_1_164' title='bbox 680 2057 776 2103; x_wconf 90' lang='lat' dir='ltr'>nemo</span> <span class='ocrx_word' id='word_1_165' title='bbox 789 2036 940 2104; x_wconf 79' lang='lat' dir='ltr'>tentavit:</span> <span class='ocrx_word' id='word_1_166' title='bbox 961 2037 1078 2103; x_wconf 79' lang='lat' dir='ltr'>suncti·</span> 
     </span>
     <span class='ocr_line' id='line_1_23' title="bbox 66 2121 1076 2228; baseline 0.005 -42"><span class='ocrx_word' id='word_1_167' title='bbox 66 2139 167 2228; x_wconf 61' lang='lat' dir='ltr'>usque</span> <span class='ocrx_word' id='word_1_168' title='bbox 189 2143 228 2220; x_wconf 80' lang='lat' dir='ltr'>ec</span> <span class='ocrx_word' id='word_1_169' title='bbox 246 2121 449 2193; x_wconf 81' lang='lat' dir='ltr'>reverentius</span> <span class='ocrx_word' id='word_1_170' title='bbox 473 2123 588 2205; x_wconf 86' lang='lat' dir='ltr'>visum,</span> <span class='ocrx_word' id='word_1_171' title='bbox 609 2121 653 2187; x_wconf 86' lang='lat' dir='ltr'>de</span> <span class='ocrx_word' id='word_1_172' title='bbox 674 2122 754 2189; x_wconf 77' lang='lat' dir='ltr'>sctis</span> <span class='ocrx_word' id='word_1_173' title='bbox 778 2122 923 2191; x_wconf 83' lang='lat' dir='ltr'>Dcomru</span> <span class='ocrx_word' id='word_1_174' title='bbox 936 2122 1076 2207; x_wconf 82' lang='lat' dir='ltr'>credere,</span> 
     </span>
     <span class='ocr_line' id='line_1_24' title="bbox 87 2228 267 2273; baseline -0.011 0"><span class='ocrx_word' id='word_1_175' title='bbox 87 2228 162 2273; x_wconf 79' lang='lat' dir='ltr'>urm</span> <span class='ocrx_word' id='word_1_176' title='bbox 175 2229 267 2273; x_wconf 83' lang='lat' dir='ltr'>serre.</span> 
     </span>
    </p>

    <p class='ocr_par' dir='ltr' id='par_1_5' title="bbox 35 2227 1078 2364">
     <span class='ocr_line' id='line_1_25' title="bbox 35 2227 1078 2364; baseline 0.004 -4"><span class='ocrx_word' id='word_1_177' title='bbox 35 2300 41 2313; x_wconf 83' lang='lat'>&#39;</span> <span class='ocrx_word' id='word_1_178' title='bbox 66 2227 87 2293; x_wconf 72' lang='lat' dir='ltr'>q</span> <span class='ocrx_word' id='word_1_179' title='bbox 106 2294 248 2361; x_wconf 83' lang='lat' dir='ltr'>XXXV.</span> <span class='ocrx_word' id='word_1_180' title='bbox 270 2293 435 2359; x_wconf 76' lang='lat' dir='ltr'>Hactenus</span> <span class='ocrx_word' id='word_1_181' title='bbox 445 2295 479 2358; x_wconf 89' lang='lat' dir='ltr'>in</span> <span class='ocrx_word' id='word_1_182' title='bbox 489 2292 1078 2364; x_wconf 78' lang='lat' dir='ltr'>OccidentemGermeuiemncrimus.</span> 
     </span>
    </p>

    <p class='ocr_par' dir='ltr' id='par_1_6' title="bbox 66 2377 1080 3149">
     <span class='ocr_line' id='line_1_26' title="bbox 66 2377 1079 2478; baseline 0.006 -35"><span class='ocrx_word' id='word_1_183' title='bbox 66 2377 104 2446; x_wconf 88' lang='lat' dir='ltr'>In</span> <span class='ocrx_word' id='word_1_184' title='bbox 117 2380 375 2463; x_wconf 80' lang='lat' dir='ltr'>Septentrionem</span> <span class='ocrx_word' id='word_1_185' title='bbox 396 2379 518 2467; x_wconf 73' lang='lat' dir='ltr'>ingenti</span> <span class='ocrx_word' id='word_1_186' title='bbox 534 2379 621 2446; x_wconf 80' lang='lat' dir='ltr'>flexu</span> <span class='ocrx_word' id='word_1_187' title='bbox 636 2380 728 2444; x_wconf 81' lang='lat' dir='ltr'>redit</span> <span class='ocrx_word' id='word_1_188' title='bbox 771 2382 820 2446; x_wconf 84' lang='lat' dir='ltr'>Ac</span> <span class='ocrx_word' id='word_1_189' title='bbox 841 2380 946 2478; x_wconf 78' lang='lat' dir='ltr'>primo</span> <span class='ocrx_word' id='word_1_190' title='bbox 970 2381 1079 2449; x_wconf 83' lang='lat' dir='ltr'>stetim</span> 
     </span>
     <span class='ocr_line' id='line_1_27' title="bbox 68 2464 1079 2552; baseline 0.003 -21"><span class='ocrx_word' id='word_1_191' title='bbox 68 2464 269 2533; x_wconf 77' lang='lat' dir='ltr'>chaucorum</span> <span class='ocrx_word' id='word_1_192' title='bbox 281 2484 371 2552; x_wconf 86' lang='lat' dir='ltr'>gens,</span> <span class='ocrx_word' id='word_1_193' title='bbox 386 2483 571 2549; x_wconf 73' lang='lat' dir='ltr'>quenquam</span> <span class='ocrx_word' id='word_1_194' title='bbox 584 2465 718 2549; x_wconf 78' lang='lat' dir='ltr'>incipiet</span> <span class='ocrx_word' id='word_1_195' title='bbox 731 2485 752 2528; x_wconf 82' lang='lat' dir='ltr'>e</span> <span class='ocrx_word' id='word_1_196' title='bbox 766 2465 890 2547; x_wconf 80' lang='lat' dir='ltr'>Frisiis,</span> <span class='ocrx_word' id='word_1_197' title='bbox 901 2485 939 2531; x_wconf 80' lang='lat' dir='ltr'>ec</span> <span class='ocrx_word' id='word_1_198' title='bbox 954 2477 1079 2551; x_wconf 78' lang='lat' dir='ltr'>purtem</span> 
     </span>
     <span class='ocr_line' id='line_1_28' title="bbox 68 2549 1078 2638; baseline 0.006 -25"><span class='ocrx_word' id='word_1_199' title='bbox 68 2549 180 2617; x_wconf 85' lang='lat' dir='ltr'>littoris</span> <span class='ocrx_word' id='word_1_200' title='bbox 191 2560 334 2634; x_wconf 78' lang='lat' dir='ltr'>occupet,</span> <span class='ocrx_word' id='word_1_201' title='bbox 347 2551 502 2631; x_wconf 89' lang='lat' dir='ltr'>omnium,</span> <span class='ocrx_word' id='word_1_202' title='bbox 516 2564 596 2635; x_wconf 87' lang='lat' dir='ltr'>ques</span> <span class='ocrx_word' id='word_1_203' title='bbox 611 2550 755 2636; x_wconf 82' lang='lat' dir='ltr'>exposui,</span> <span class='ocrx_word' id='word_1_204' title='bbox 766 2550 911 2638; x_wconf 79' lang='lat' dir='ltr'>gentium</span> <span class='ocrx_word' id='word_1_205' title='bbox 925 2551 1078 2619; x_wconf 79' lang='lat' dir='ltr'>lateribus</span> 
     </span>
     <span class='ocr_line' id='line_1_29' title="bbox 69 2635 1079 2723; baseline 0.005 -23"><span class='ocrx_word' id='word_1_206' title='bbox 69 2635 256 2717; x_wconf 83' lang='lat' dir='ltr'>obtenditur,</span> <span class='ocrx_word' id='word_1_207' title='bbox 269 2635 373 2700; x_wconf 83' lang='lat' dir='ltr'>donec</span> <span class='ocrx_word' id='word_1_208' title='bbox 392 2637 428 2702; x_wconf 90' lang='lat' dir='ltr'>in</span> <span class='ocrx_word' id='word_1_209' title='bbox 452 2638 561 2702; x_wconf 79' lang='lat' dir='ltr'>Cattos</span> <span class='ocrx_word' id='word_1_210' title='bbox 583 2637 868 2723; x_wconf 86' lang='lat' dir='ltr'>usquesinuetur.</span> <span class='ocrx_word' id='word_1_211' title='bbox 912 2638 1001 2704; x_wconf 83' lang='lat' dir='ltr'>Tem</span> <span class='ocrx_word' id='word_1_212' title='bbox 1020 2638 1079 2705; x_wconf 87' lang='lat' dir='ltr'>im·</span> 
     </span>
     <span class='ocr_line' id='line_1_30' title="bbox 70 2722 1079 2806; baseline 0.005 -19"><span class='ocrx_word' id='word_1_213' title='bbox 70 2738 216 2788; x_wconf 85' lang='lat' dir='ltr'>mensum</span> <span class='ocrx_word' id='word_1_214' title='bbox 229 2732 386 2787; x_wconf 84' lang='lat' dir='ltr'>terrerum</span> <span class='ocrx_word' id='word_1_215' title='bbox 399 2723 538 2806; x_wconf 78' lang='lat' dir='ltr'>spatium</span> <span class='ocrx_word' id='word_1_216' title='bbox 548 2743 615 2789; x_wconf 89' lang='lat' dir='ltr'>non</span> <span class='ocrx_word' id='word_1_217' title='bbox 626 2735 737 2789; x_wconf 83' lang='lat' dir='ltr'>teuent</span> <span class='ocrx_word' id='word_1_218' title='bbox 746 2730 869 2791; x_wconf 79' lang='lat' dir='ltr'>tentum</span> <span class='ocrx_word' id='word_1_219' title='bbox 879 2724 1012 2806; x_wconf 83' lang='lat' dir='ltr'>Cheiici,</span> <span class='ocrx_word' id='word_1_220' title='bbox 1020 2722 1079 2792; x_wconf 78' lang='lat' dir='ltr'>set</span> 
     </span>
     <span class='ocr_line' id='line_1_31' title="bbox 71 2807 1079 2894; baseline 0.008 -26"><span class='ocrx_word' id='word_1_221' title='bbox 71 2817 101 2871; x_wconf 88' lang='lat' dir='ltr'>ct</span> <span class='ocrx_word' id='word_1_222' title='bbox 112 2808 263 2892; x_wconf 73' lang='lat' dir='ltr'>implenti</span> <span class='ocrx_word' id='word_1_223' title='bbox 287 2807 425 2892; x_wconf 84' lang='lat' dir='ltr'>populus</span> <span class='ocrx_word' id='word_1_224' title='bbox 439 2808 522 2873; x_wconf 87' lang='lat' dir='ltr'>inter</span> <span class='ocrx_word' id='word_1_225' title='bbox 533 2809 711 2876; x_wconf 76' lang='lat' dir='ltr'>Germanos</span> <span class='ocrx_word' id='word_1_226' title='bbox 722 2809 949 2890; x_wconf 87' lang='lat' dir='ltr'>nobilissimus,</span> <span class='ocrx_word' id='word_1_227' title='bbox 957 2810 1079 2894; x_wconf 85' lang='lat' dir='ltr'>quique</span> 
     </span>
     <span class='ocr_line' id='line_1_32' title="bbox 72 2893 1078 2981; baseline 0 -23"><span class='ocrx_word' id='word_1_228' title='bbox 72 2893 324 2981; x_wconf 81' lang='lat' dir='ltr'>magnitudinem</span> <span class='ocrx_word' id='word_1_229' title='bbox 337 2913 429 2958; x_wconf 85' lang='lat' dir='ltr'>suam</span> <span class='ocrx_word' id='word_1_230' title='bbox 444 2894 536 2957; x_wconf 86' lang='lat' dir='ltr'>muiit</span> <span class='ocrx_word' id='word_1_231' title='bbox 546 2893 670 2976; x_wconf 73' lang='lat' dir='ltr'>justitie</span> <span class='ocrx_word' id='word_1_232' title='bbox 683 2897 787 2961; x_wconf 89' lang='lat' dir='ltr'>tueri:</span> <span class='ocrx_word' id='word_1_233' title='bbox 808 2895 878 2959; x_wconf 88' lang='lat' dir='ltr'>siue</span> <span class='ocrx_word' id='word_1_234' title='bbox 895 2895 1078 2978; x_wconf 71' lang='lat' dir='ltr'>cupiditate,</span> 
     </span>
     <span class='ocr_line' id='line_1_33' title="bbox 72 2977 1079 3065; baseline 0.004 -26"><span class='ocrx_word' id='word_1_235' title='bbox 72 2977 137 3043; x_wconf 87' lang='lat' dir='ltr'>sine</span> <span class='ocrx_word' id='word_1_236' title='bbox 158 2978 353 3064; x_wconf 75' lang='lat' dir='ltr'>impotentii,</span> <span class='ocrx_word' id='word_1_237' title='bbox 367 2978 468 3061; x_wconf 87' lang='lat' dir='ltr'>quieti</span> <span class='ocrx_word' id='word_1_238' title='bbox 482 2981 667 3064; x_wconf 83' lang='lat' dir='ltr'>secretique,</span> <span class='ocrx_word' id='word_1_239' title='bbox 689 2982 782 3044; x_wconf 86' lang='lat' dir='ltr'>nullu</span> <span class='ocrx_word' id='word_1_240' title='bbox 796 2989 972 3065; x_wconf 81' lang='lat' dir='ltr'>provocent</span> <span class='ocrx_word' id='word_1_241' title='bbox 985 2978 1079 3061; x_wconf 82' lang='lat' dir='ltr'>belle,</span> 
     </span>
     <span class='ocr_line' id='line_1_34' title="bbox 73 3062 1080 3149; baseline 0.005 -23"><span class='ocrx_word' id='word_1_242' title='bbox 73 3065 169 3129; x_wconf 88' lang='lat' dir='ltr'>nullis</span> <span class='ocrx_word' id='word_1_243' title='bbox 183 3065 325 3149; x_wconf 79' lang='lat' dir='ltr'>raptibus</span> <span class='ocrx_word' id='word_1_244' title='bbox 339 3075 396 3129; x_wconf 84' lang='lat' dir='ltr'>eut</span> <span class='ocrx_word' id='word_1_245' title='bbox 417 3063 593 3127; x_wconf 78' lang='lat' dir='ltr'>latrociniis</span> <span class='ocrx_word' id='word_1_246' title='bbox 608 3066 811 3149; x_wconf 83' lang='lat' dir='ltr'>populentur.</span> <span class='ocrx_word' id='word_1_247' title='bbox 854 3062 892 3128; x_wconf 90' lang='lat' dir='ltr'>Id</span> <span class='ocrx_word' id='word_1_248' title='bbox 913 3082 956 3128; x_wconf 91' lang='lat' dir='ltr'>ue</span> <span class='ocrx_word' id='word_1_249' title='bbox 969 3064 1080 3148; x_wconf 82' lang='lat' dir='ltr'>proeci·</span> 
     </span>
    </p>

    <p class='ocr_par' dir='ltr' id='par_1_7' title="bbox 47 3148 1160 3491">
     <span class='ocr_line' id='line_1_35' title="bbox 47 3148 1080 3237; baseline 0.003 -24"><span class='ocrx_word' id='word_1_250' title='bbox 47 3150 53 3165; x_wconf 83' lang='lat'>&#39;</span> <span class='ocrx_word' id='word_1_251' title='bbox 76 3163 174 3228; x_wconf 87' lang='lat' dir='ltr'>puum</span> <span class='ocrx_word' id='word_1_252' title='bbox 187 3150 317 3216; x_wconf 84' lang='lat' dir='ltr'>virtutis</span> <span class='ocrx_word' id='word_1_253' title='bbox 331 3169 370 3214; x_wconf 82' lang='lat' dir='ltr'>ec</span> <span class='ocrx_word' id='word_1_254' title='bbox 383 3148 505 3213; x_wconf 83' lang='lat' dir='ltr'>virium</span> <span class='ocrx_word' id='word_1_255' title='bbox 515 3159 742 3237; x_wconf 76' lang='lat' dir='ltr'>argumentum</span> <span class='ocrx_word' id='word_1_256' title='bbox 755 3161 811 3231; x_wconf 85' lang='lat' dir='ltr'>est,</span> <span class='ocrx_word' id='word_1_257' title='bbox 825 3150 883 3234; x_wconf 71' lang='lat' dir='ltr'>qu*</span> <span class='ocrx_word' id='word_1_258' title='bbox 914 3198 922 3231; x_wconf 96' lang='lat'>,</span> <span class='ocrx_word' id='word_1_259' title='bbox 936 3160 973 3216; x_wconf 90' lang='lat' dir='ltr'>ut</span> <span class='ocrx_word' id='word_1_260' title='bbox 987 3168 1080 3236; x_wconf 77' lang='lat' dir='ltr'>supe</span> 
     </span>
     <span class='ocr_line' id='line_1_36' title="bbox 76 3232 1160 3324; baseline 0.011 -31"><span class='ocrx_word' id='word_1_261' title='bbox 76 3233 167 3302; x_wconf 88' lang='lat' dir='ltr'>riores</span> <span class='ocrx_word' id='word_1_262' title='bbox 181 3247 286 3324; x_wconf 79' lang='lat' dir='ltr'>egent,</span> <span class='ocrx_word' id='word_1_263' title='bbox 300 3255 367 3300; x_wconf 91' lang='lat' dir='ltr'>uon</span> <span class='ocrx_word' id='word_1_264' title='bbox 380 3254 437 3320; x_wconf 89' lang='lat' dir='ltr'>per</span> <span class='ocrx_word' id='word_1_265' title='bbox 457 3232 592 3316; x_wconf 82' lang='lat' dir='ltr'>injurios</span> <span class='ocrx_word' id='word_1_266' title='bbox 614 3245 838 3319; x_wconf 81' lang='lat' dir='ltr'>assequuntur.</span> <span class='ocrx_word' id='word_1_267' title='bbox 881 3237 1013 3303; x_wconf 83' lang='lat' dir='ltr'>Promte</span> <span class='ocrx_word' id='word_1_268' title='bbox 1034 3246 1080 3305; x_wconf 81' lang='lat' dir='ltr'>ts·</span> <span class='ocrx_word' id='word_1_269' title='bbox 1157 3276 1160 3281; x_wconf 90' lang='lat'>·</span> 
     </span>
     <span class='ocr_line' id='line_1_37' title="bbox 77 3319 1080 3407; baseline 0.007 -23"><span class='ocrx_word' id='word_1_270' title='bbox 77 3334 145 3386; x_wconf 85' lang='lat' dir='ltr'>meu</span> <span class='ocrx_word' id='word_1_271' title='bbox 165 3322 315 3387; x_wconf 85' lang='lat' dir='ltr'>omnibus</span> <span class='ocrx_word' id='word_1_272' title='bbox 335 3341 432 3400; x_wconf 82' lang='lat' dir='ltr'>erma,</span> <span class='ocrx_word' id='word_1_273' title='bbox 452 3341 499 3402; x_wconf 84' lang='lat' dir='ltr'>ec,</span> <span class='ocrx_word' id='word_1_274' title='bbox 521 3319 549 3384; x_wconf 92' lang='lat' dir='ltr'>si</span> <span class='ocrx_word' id='word_1_275' title='bbox 571 3340 622 3385; x_wconf 84' lang='lat' dir='ltr'>res</span> <span class='ocrx_word' id='word_1_276' title='bbox 642 3331 760 3406; x_wconf 82' lang='lat' dir='ltr'>poscet,</span> <span class='ocrx_word' id='word_1_277' title='bbox 782 3322 959 3406; x_wconf 81' lang='lat' dir='ltr'>exercitus;</span> <span class='ocrx_word' id='word_1_278' title='bbox 982 3324 1080 3407; x_wconf 86' lang='lat' dir='ltr'>pluri·</span> 
     </span>
     <span class='ocr_line' id='line_1_38' title="bbox 77 3406 1079 3491; baseline 0.006 -23"><span class='ocrx_word' id='word_1_279' title='bbox 77 3408 315 3486; x_wconf 85' lang='lat' dir='ltr'>mumvirorum</span> <span class='ocrx_word' id='word_1_280' title='bbox 323 3426 556 3490; x_wconf 83' lang='lat' dir='ltr'>equorumque:</span> <span class='ocrx_word' id='word_1_281' title='bbox 578 3417 610 3472; x_wconf 90' lang='lat' dir='ltr'>et</span> <span class='ocrx_word' id='word_1_282' title='bbox 617 3406 854 3491; x_wconf 88' lang='lat' dir='ltr'>quiescentibus</span> <span class='ocrx_word' id='word_1_283' title='bbox 864 3410 975 3475; x_wconf 83' lang='lat' dir='ltr'>eodem</span> <span class='ocrx_word' id='word_1_284' title='bbox 984 3408 1079 3474; x_wconf 79' lang='lat' dir='ltr'>reme.</span> 
     </span>
    </p>

    <p class='ocr_par' dir='ltr' id='par_1_8' title="bbox 117 3491 1082 3579">
     <span class='ocr_line' id='line_1_39' title="bbox 117 3491 1082 3579; baseline -0.002 -21"><span class='ocrx_word' id='word_1_285' title='bbox 117 3491 272 3560; x_wconf 83' lang='lat' dir='ltr'>XXXVI.</span> <span class='ocrx_word' id='word_1_286' title='bbox 294 3493 333 3557; x_wconf 87' lang='lat' dir='ltr'>In</span> <span class='ocrx_word' id='word_1_287' title='bbox 348 3494 445 3557; x_wconf 81' lang='lat' dir='ltr'>latere</span> <span class='ocrx_word' id='word_1_288' title='bbox 460 3494 667 3559; x_wconf 82' lang='lat' dir='ltr'>Chni&#39;rcorum</span> <span class='ocrx_word' id='word_1_289' title='bbox 681 3496 908 3579; x_wconf 82' lang='lat' dir='ltr'>Outtorumque</span> <span class='ocrx_word' id='word_1_290' title='bbox 923 3493 1082 3559; x_wconf 83' lang='lat' dir='ltr'>Cherusci</span> 
     </span>
    </p>

    <p class='ocr_par' dir='ltr' id='par_1_9' title="bbox 47 3572 1080 3663">
     <span class='ocr_line' id='line_1_40' title="bbox 47 3572 1080 3663; baseline -0.007 -18"><span class='ocrx_word' id='word_1_291' title='bbox 47 3602 50 3663; x_wconf 60' lang='lat' dir='ltr'>i</span> <span class='ocrx_word' id='word_1_292' title='bbox 80 3572 203 3644; x_wconf 74' lang='lat' dir='ltr'>nimiam</span> <span class='ocrx_word' id='word_1_293' title='bbox 217 3599 256 3643; x_wconf 86' lang='lat' dir='ltr'>ec</span> <span class='ocrx_word' id='word_1_294' title='bbox 270 3589 464 3644; x_wconf 80' lang='lat' dir='ltr'>marcentem</span> <span class='ocrx_word' id='word_1_295' title='bbox 482 3577 537 3643; x_wconf 89' lang='lat' dir='ltr'>diu</span> <span class='ocrx_word' id='word_1_296' title='bbox 560 3599 673 3662; x_wconf 80' lang='lat' dir='ltr'>pacem</span> <span class='ocrx_word' id='word_1_297' title='bbox 694 3580 856 3645; x_wconf 79' lang='lat' dir='ltr'>illucessiti</span> <span class='ocrx_word' id='word_1_298' title='bbox 878 3577 1080 3642; x_wconf 83' lang='lat' dir='ltr'>nutrierunt:</span> 
     </span>
    </p>

    <p class='ocr_par' dir='ltr' id='par_1_10' title="bbox 48 3656 1081 3752">
     <span class='ocr_line' id='line_1_41' title="bbox 48 3656 1081 3752; baseline -0.007 -21"><span class='ocrx_word' id='word_1_299' title='bbox 48 3712 50 3731; x_wconf 89' lang='lat'>.</span> <span class='ocrx_word' id='word_1_300' title='bbox 83 3656 591 3752; x_wconf 77' lang='lat' dir='ltr'>idquejucundiee,qutmtutius,</span> <span class='ocrx_word' id='word_1_301' title='bbox 604 3663 685 3728; x_wconf 86' lang='lat' dir='ltr'>suit:</span> <span class='ocrx_word' id='word_1_302' title='bbox 705 3663 783 3747; x_wconf 82' lang='lat' dir='ltr'>quie</span> <span class='ocrx_word' id='word_1_303' title='bbox 796 3661 1081 3740; x_wconf 66' lang='lat' dir='ltr'>interimpotenes</span> 
     </span>
    </p>
   </div>
   <div class='ocr_carea' id='block_1_3' title="bbox 0 0 1215 4050">
    <p class='ocr_par' dir='ltr' id='par_1_11' title="bbox 0 0 1215 4050">
     <span class='ocr_line' id='line_1_42' title="bbox 0 0 1215 4050; baseline 0 0"><span class='ocrx_word' id='word_1_304' title='bbox 0 0 1215 4050; x_wconf 95' lang='lat' dir='ltr'> </span> 
     </span>
    </p>
   </div>
  </div>
 </body>
</html>
