2392 4050
324 234 370 283 nr
386 212 834 285 OuaroarnoaDraaoaos.
1018 214 1085 283 Μ

53 384 112 451 icae
126 404 280 451 exerceo.
325 386 404 457 Quo
426 386 517 450 lator
531 386 643 473 magia,
657 385 803 450 oblatum
816 383 909 450 nobis
930 383 1086 468 judicem,

53 473 109 554 qui
124 491 177 535 me
191 474 249 539 vel
265 471 304 534 in
318 470 465 535 futurum
478 481 563 536 vetet
574 489 688 536 versus
702 470 816 549 iacere,
830 470 895 549 vel,
909 468 998 553 quod
1016 467 1087 550 jam
1143 495 1148 503 ·

51 558 176 638 pridem
190 567 280 640 opto,
296 555 358 620 sui
373 574 502 638 quoqne
516 556 705 621 auctoritate
715 555 897 638 compellat,
909 564 946 618 ut
957 553 1087 619 omissis

53 641 234 705 sorensium
249 658 427 704 causarum
438 639 607 723 angustiis,
618 640 653 702 in
668 640 787 723 quibus
798 638 872 702 satis
886 638 967 702 mihi
977 656 1087 723 auper-

53 743 116 807 quc
130 725 294 788 sudatum
316 733 374 804 est,
393 723 589 789 sanctiorem
602 723 698 789 iatam
718 735 752 789 et
775 722 999 808 augustiorem
1022 724 1087 788 elo·
1174 784 1175 787 ,

52 810 221 892 quantiam
236 810 358 874 colam

94 895 135 958 V.
158 893 237 979 Ego
254 899 342 974 vero,
357 891 464 976 inquit
483 891 667 973 Secundus,
688 902 863 976 antequam
877 910 930 956 me
941 890 1089 973 judicem

54 977 140 1060 Aper
150 989 295 1058 ructuat,
303 975 431 1058 faciam,
442 977 529 1059 quod
542 978 634 1060 probi
645 986 678 1040 et
688 977 823 1043 modesti
834 976 963 1058 judices
971 978 1088 1058 solent,

44 1071 89 1137 ,ut
101 1063 136 1125 in
151 1062 206 1126 lris
221 1062 468 1148 cognitiomlrus
482 1071 692 1141 seexcuseut,
703 1062 868 1145 inquibus
879 1061 1089 1127 manifestum

55 1156 109 1225 est,
135 1148 280 1221 alteram
305 1146 392 1230 apud
414 1165 470 1210 eos
492 1158 615 1229 partem
639 1147 744 1232 gratia
770 1147 955 1228 prevalere.
998 1146 1089 1216 (luia

55 1229 143 1294 enim
164 1232 285 1313 nescit,
307 1231 474 1296 nemiuem
499 1231 581 1294 mihi
605 1228 863 1327 conjunctiorcm
883 1249 953 1294 caso
974 1241 1007 1293 et
1021 1249 1087 1296 usu

57 1314 206 1378 amicitia
222 1325 257 1379 et
272 1316 462 1380 assiduitate
484 1316 696 1396 contubernii,
718 1315 817 1398 quim
840 1313 987 1379 Saleium
1010 1315 1089 1378 Bos

56 1416 138 1479 sum,
153 1401 232 1465 clun
247 1401 410 1483 optimum
427 1401 544 1480 virum,
558 1409 631 1467 turn
645 1398 922 1466 absolutissimum
935 1398 1088 1483 poetami

55 1499 157 1629 prlrrro,
171 1486 202 1549 si
224 1485 354 1571 po'e'tica
375 1494 554 1566 accusatur,
573 1503 642 1550 uon
655 1485 758 1553 alium
772 1483 867 1551 video
887 1502 983 1553 rcum
997 1485 1087 1549 locu·

58 1579 239 1648 petrosam

98 1652 249 1718 Securus
264 1653 316 1736 sit,
337 1654 444 1736 inquit
459 1654 555 1736 Aper,
569 1663 603 1717 et
618 1650 747 1719 Saleius
761 1655 883 1719 Bassus
894 1663 928 1718 et
938 1652 1089 1736 quisquis

59 1734 141 1799 alius
154 1738 309 1803 studium
330 1739 464 1821 poeticae
488 1749 520 1802 et
540 1738 724 1802 carminum
737 1738 879 1824 gloriam
896 1738 992 1817 fovet,
1014 1738 1089 1801 cion

60 1837 171 1912 causas
187 1842 288 1910 agere
300 1842 369 1887 non
384 1823 493 1907 possit
536 1821 611 1907 Ego
628 1822 727 1902 euim,
747 1823 910 1904 quatenus
932 1821 1089 1886 arbitrum

58 1901 123 1966 litis
138 1905 242 1987 hujus
258 1907 382 1987 inveni,
401 1925 469 1971 non
491 1906 605 1989 patiar,
625 1906 807 1970 Maternum
820 1906 972 1969 mulctata
988 1904 1089 1987 pluri·

61 2003 118 2052 um
131 1988 287 2056 defendi:
309 1992 366 2055 sed
389 1991 496 2075 ipsum
514 1991 626 2056 solum
649 1991 737 2074 apud
750 2008 808 2057 vos
831 2007 976 2080 arguam,
999 1987 1091 2072 qudd

61 2080 156 2137 natas
177 2075 222 2140 ad
237 2076 459 2159 eloquentiam
479 2075 609 2141 virilem
630 2085 662 2140 et
685 2075 867 2156 oratoriam,
892 2073 958 2159 qual
977 2093 1091 2157 parare

63 2153 159 2252 simul
174 2170 207 2223 et
222 2160 308 2224 tueri
324 2159 491 2240 amicitias,
503 2159 660 2224 asciscere
670 2161 828 2241 nationes,
839 2158 1009 2243 complecti
1016 2178 1090 2257 pru·

62 2242 196 2324 uncias,
212 2245 324 2327 possit,
339 2243 456 2307 amittit
471 2242 628 2324 studium,
642 2262 708 2328 qno
721 2264 788 2309 non
802 2244 894 2310 aliud
908 2243 944 2308 iu
959 2244 1091 2309 civitate

63 2329 171 2391 nostra
184 2330 240 2393 vel
263 2328 306 2392 ad
326 2328 500 2392 utilitatem
522 2327 732 2408 fructuosius,
754 2329 808 2393 vel
835 2328 876 2393 ad
898 2328 1092 2414 dignitatem

65 2412 213 2493 amplius,
229 2414 283 2476 vel
298 2411 339 2477 ad
353 2411 442 2476 urbis
456 2412 577 2475 famam
595 2411 775 2493 pulchrius,
790 2414 844 2477 vel
857 2411 899 2476 ad
913 2412 1012 2476 totius
1025 2411 1090 2476 lm·

63 2496 141 2571 perii
155 2507 255 2581 atque
266 2498 415 2562 omnium
424 2496 573 2581 gentium
582 2494 733 2560 notitiam
743 2496 902 2561 illustrius
913 2515 994 2560 exco
1019 2495 1090 2561 'tari

65 2585 174 2654 potest.
220 2581 316 2661 Nam,
330 2581 358 2644 si
373 2579 603 2644 adutilitatena
623 2581 700 2643 ritae
716 2580 827 2645 omnia
840 2579 979 2644 coasilia
1004 2588 1092 2645 acta

65 2675 125 2740 que
138 2677 253 2730 nostra
276 2663 446 2751 dirigenda
469 2674 555 2744 sunt,
579 2664 660 2747 quid
682 2665 744 2728 erit
767 2665 879 2745 tutius,
893 2665 993 2749 quim
1016 2683 1092 2734 aona

66 2759 215 2814 exercere
237 2760 348 2829 anem,
369 2752 434 2832 qui
455 2768 581 2832 semper
601 2759 744 2814 armatus
763 2749 952 2833 praesidium
965 2749 1090 2831 amicis,

67 2844 158 2923 opem
172 2834 299 2914 alienis,
313 2836 451 2897 salutem
464 2834 734 2916 periclitantibus,
751 2835 873 2900 invidis
891 2836 970 2900 varo
984 2844 1017 2899 et
1030 2835 1093 2899 ini·

68 2914 159 2978 nucis
173 2930 299 2982 metum
312 2928 344 2981 et
358 2927 512 2981 terrorem
523 2919 611 2982 ultrd
626 2918 719 2998 seras,
729 2920 798 3002 ipsa
810 2935 946 2982 securus
956 2929 988 2983 et
999 2921 1092 2983 velut

68 2997 208 3075 quadam
228 3003 383 3086 perpetua
397 3002 538 3083 potentii
561 3022 600 3065 ac
622 3012 776 3083 potestate
800 3002 971 3066 munitus?
993 3000 1091 3082 cujus

66 3078 116 3141 tia
130 3094 162 3147 et
172 3086 305 3167 utilitas,
320 3088 417 3150 rebus
431 3086 581 3168 prospare
591 3084 777 3164 fluentibus,
789 3086 929 3149 aliorum
937 3085 1089 3171 praesidio

68 3172 98 3226 et
111 3170 211 3233 tutela
232 3170 443 3257 intelligitur:
467 3169 518 3232 sin
533 3169 701 3252 proprium
720 3169 908 3263 periculum
919 3170 1092 3255 increpuit,

68 3262 133 3313 nou
147 3253 292 3320 Hercula
306 3256 410 3319 lorica
423 3262 480 3317 aut
492 3253 623 3339 gladius
636 3253 670 3316 in
687 3271 757 3317 acre
767 3254 893 3318 firmius
908 3255 1090 3323 munimen·

69 3339 146 3415 tum,
161 3340 259 3421 quim
273 3359 329 3403 reo
338 3350 372 3403 et
381 3338 576 3422 periclitanti
587 3338 781 3421 eloquentia,
792 3339 980 3423 praesidium
989 3340 1091 3408 simul

70 3424 99 3510 et
113 3423 224 3504 telum,
238 3442 304 3507 quo
319 3442 521 3509 propugnare
536 3422 655 3506 pariter
667 3430 701 3485 et
714 3423 881 3506 incessere,
890 3428 945 3492 rel
957 3428 992 3492 in
1003 3425 1092 3508 judi·

72 3515 128 3582 cto,
143 3506 211 3571 sive
233 3508 268 3571 in
284 3509 417 3587 Senatu,
439 3508 509 3572 sive
523 3508 611 3590 apud
630 3506 816 3593 Principem
836 3511 952 3592 possis.
995 3508 1092 3578 Quid

72 3583 303 3655 aliudiniestis
332 3592 476 3676 patribus
505 3611 610 3674 nuper
634 3592 757 3674 Eprius
782 3592 968 3672 Marcellus,
990 3591 1094 3684 quim
1173 3611 1175 3618 ⁴

72 3668 286 3759 eloquentiam
309 3695 412 3756 suam,
436 3676 610 3760 opposuitl
631 3676 696 3759 qual
718 3674 884 3740 accinctus
906 3684 940 3737 et
967 3687 1091 3749 minu,
