2392 4050
72 161 117 226 32
361 211 364 218 .
424 164 461 228 O.
477 163 588 229 coar.
604 161 740 228 'I'actrr
888 162 940 249 [A.
955 163 996 228 U.
1012 164 1087 229 822.

70 332 142 406 neri
156 331 350 400 discriminis
365 333 416 399 sui
426 335 631 418 Viennenses,
642 338 823 401 velamenta
834 345 866 399 et
876 335 997 400 infulas
1009 357 1089 422 prae-

70 418 215 498 ferentes,
230 420 285 484 ubi
295 440 410 507 agmen
423 405 716 570 incesseragarma,
765 441 841 500 uua,
851 424 987 508 vestigia
996 444 1089 506 pren·

69 507 180 585 sendo,
218 510 313 571 exere
329 507 469 570 militum
487 508 595 571 animo
615 555 621 570 .
666 507 715 571 Ad
740 508 798 570 idit
812 509 931 572 Valens
946 520 1089 573 trecenos

69 589 166 678 singu
193 613 208 655 s
237 593 393 657 militibus
417 594 593 657 sestertios:
627 603 698 669 tum
719 602 861 657 vetustas
885 593 1088 680 dignitasque

70 677 203 741 colonie
218 678 330 759 valuit,
344 688 375 742 et
389 679 486 742 verbu
501 679 602 761 Fabii,
617 680 755 764 salutem
769 679 1088 915 ἰηοοίυωίίαῗᾳυο

71 764 304 828 Viennensium
315 763 576 846 commendantis,
591 764 693 847 aequis
705 766 836 829 auribus
847 776 955 849 accept
1008 766 1090 850 pub-

69 848 133 913 lice
154 861 258 912 tamen
281 849 550 1085 αῐωῖηυίοῑαῐί,
573 852 704 933 privatis
722 859 753 914 et
773 851 963 933 promiscuis
1026 850 1089 934 piis

67 933 184 1018 juvere
199 935 342 1000 militem.
386 934 451 999 Sed
465 934 551 1002 fama
571 946 723 999 constans
742 934 812 1015 fuit,
835 936 956 1018 ‘ipsum
970 938 1088 1002 Valen-
1191 931 1192 976 ³

71 1036 135 1084 tem
156 1022 275 1105 magnit
295 1040 354 1105 pec
403 1015 434 1085 it
456 1025 597 1086 emtum!
641 1022 673 1085 Is
696 1020 752 1086 diu
775 1020 932 1101 sordidus,
957 1024 1088 1116 repente

69 1106 168 1186 dives,
181 1106 391 1172 mutationem
404 1107 541 1171 sortunae
557 1107 641 1172 melle
652 1107 785 1193 tegebat,
798 1107 940 1171 accensis
949 1117 1090 1193 egestate
1191 1177 1192 1180 Ἴ

69 1191 166 1277 longi
181 1192 387 1275 cupidinibus
409 1192 646 1274 immoderatus,
661 1205 709 1274 et,
723 1192 811 1270 inopi
831 1192 838 1204 '
865 1192 969 1271 ventri,
986 1212 1089 1259 senex
1191 1223 1192 1230 ¹

68 1276 233 1362 prodigus
277 1279 380 1342 Lento
399 1276 515 1350 deindo
534 1280 672 1364 agmine,
693 1297 749 1361 per
774 1277 855 1341 fines
873 1279 1089 1362 Allobrogum
1154 1283 1156 1287 '

69 1374 102 1427 et
116 1363 347 1427 Vocontiorum
360 1363 477 1427 ductus
488 1363 667 1428 exercitus:
690 1363 759 1448 ipsa
774 1362 927 1428 itinerum
941 1364 1043 1446 spatia
1057 1375 1091 1429 et

68 1446 258 1515 stativorum
269 1449 460 1518 mutationes
471 1449 657 1513 venditante
670 1450 772 1530 Duce,
784 1447 877 1513 scedis
885 1448 1088 1533 pactionibus

69 1533 219 1598 adversus
234 1554 429 1619 possessores
449 1554 600 1619 agrorum
625 1535 886 1618 et-Magistratus
908 1536 1088 1618 civitatum,

69 1620 149 1684 adesi
174 1619 350 1700 minaciter,
374 1631 411 1684 ut
433 1622 525 1685 Luco
549 1620 779 1707 (municipium
801 1619 835 1683 id
854 1621 1089 1693 Vocontiorum

67 1707 128 1790 est)
143 1704 227 1770 iaces
239 1704 424 1785 admoverit,
436 1707 538 1771 donec
550 1707 687 1790 pecuniis
699 1705 916 1791 mitigaretur:
938 1706 1089 1789 quotiens

67 1793 214 1875 pecuniae
231 1792 362 1857 materia
375 1791 505 1874 deesset,
527 1792 645 1875 stupris
659 1801 692 1855 et
704 1791 870 1856 adulteriis
884 1791 1087 1857 exorabatur.

68 1878 124 1943 Sic
139 1877 180 1941 ad
196 1877 293 1961 Alpes
309 1889 507 1963 perventum.
631 1875 633 1881 ’

110 1965 245 2031 LXVII.
269 1965 348 2028 Plus
358 1964 474 2049 praedae
484 1983 522 2027 ac
533 1982 589 2027 san
626 1962 969 2029 tinisCaeeinahnusit.
1012 1963 1089 2027 Irri-

68 2058 214 2114 caverant
233 2051 399 2114 turbidum
412 2048 580 2132 ingenium
630 2049 747 2129 elvetii,
763 2050 890 2114 Gallica
903 2069 991 2135 gens,
1007 2050 1090 2113 olim

68 2137 165 2199 armis
181 2135 332 2217 virisque,
344 2154 421 2198 mox
432 2135 585 2199 memorii
599 2134 740 2198 nominis
751 2135 847 2215 clara,
860 2135 901 2198 dc
912 2134 997 2198 caede
1010 2136 1089 2199 Gal-

66 2221 116 2284 bae
132 2221 245 2305 ignari,
257 2231 289 2284 et
302 2221 424 2285 Vitellii
438 2221 610 2304 imperium
624 2222 809 2284 abnuentes,
852 2219 987 2283 Initium
999 2221 1088 2284 bello

66 2306 128 2370 tuit
139 2305 273 2369 avaritia
293 2326 331 2370 ac
345 2305 504 2370 festinatio
519 2304 780 2369 unoetvicesimae
796 2304 951 2391 legionis:
974 2325 1088 2388 rapue

67 2403 140 2456 rant
159 2390 330 2475 pecuniam
345 2392 475 2456 missam
489 2391 524 2456 in
545 2390 740 2475 stipendium
758 2392 889 2473 castelli,
903 2390 990 2474 quod
1005 2391 1088 2455 olim

67 2478 208 2545 Helvetii
223 2476 290 2540 suis
305 2477 460 2542 militibus
483 2498 521 2541 ac
543 2476 710 2559 stipendiis
732 2478 921 2542 tuebantur:
944 2477 1028 2562 agre
1051 2476 1088 2540 id

67 2564 151 2659 passi
167 2562 318 2644 Helvetii,
333 2563 516 2646 interceptis
529 2562 681 2646 epistolis,
695 2579 769 2646 quse
784 2563 915 2627 nomine
930 2564 1089 2626 German-

67 2649 111 2713 rci
133 2648 290 2713 exercitiis
304 2648 345 2711 ad
360 2648 562 2713 Pannonicas
577 2649 717 2735 legiones
732 2647 922 2728 ferebantur,
938 2648 1089 2712 ceruari-

68 2754 164 2798 onem
178 2746 210 2797 et
223 2734 325 2817 quosd
393 2734 533 2798 militurn
547 2734 582 2798 in
597 2733 741 2798 custodial
755 2735 941 2798 retinebant.
984 2733 1088 2797 Caeci-

67 2840 120 2898 na,
143 2820 220 2884 belli
235 2819 358 2901 auidus
378 2840 436 2902 pro
461 2820 559 2884 imam
576 2837 737 2903 quamque
760 2821 900 2917 culpam,
913 2830 1087 2902 antequam

67 2907 244 2991 poeniteret,
255 2907 365 2971 ultum
375 2841 460 3005 malj
492 2906 581 2971 Mota
592 2907 725 2988 propere
737 2916 854 2970 castra:
876 2905 989 2970 vastati
1000 2905 1068 2991 agri
1077 2927 1092 2968 :-

68 2992 209 3076 direptus
225 2992 322 3077 longi
333 3012 411 3076 paee
423 2991 458 3056 in
470 2991 602 3056 modum
612 2992 781 3074 municipii
791 3002 973 3055 exstructus
983 2994 1086 3081 loeus,

68 3097 196 3142 amoeno
211 3077 390 3143 salubrium
423 3097 560 3161 quarum
574 3095 637 3141 usu
649 3075 814 3161 frequens:
836 3077 925 3141 missi
937 3075 978 3139 ud
989 3076 1087 3141 erae-

68 3165 132 3228 tice
145 3164 268 3227 auxilia
283 3099 448 3278 nunt''(ut
464 3183 573 3227 versos
587 3162 622 3227 in
637 3165 799 3249 legionem
813 3162 980 3227 Helvetios
995 3171 1087 3225 ater·
1191 3216 1192 3221 ,

126 3184 387 3400 aggrederentur}

111 3328 266 3401 LXVIIL
288 3336 351 3414 Illi,
381 3343 434 3399 nte
445 3333 616 3399 discrimen
629 3333 758 3414 seroces,
768 3334 802 3398 in
812 3332 956 3418 periculo
966 3332 1085 3416 paridi,
1191 3334 1192 3351 ³

41 3434 254 3502 prquauquum
268 3423 369 3503 primo
381 3421 523 3484 tumultu
539 3421 714 3484 Claudium
728 3415 886 3484 Severum
900 3420 1028 3483 Ducem
1042 3419 1087 3503 le7

69 3513 190 3589 gerant,
200 3521 267 3568 non
282 3525 370 3570 arma
382 3524 523 3585 noscere,
534 3524 601 3569 non
611 3505 739 3568 ordines
748 3505 849 3589 sequi,
858 3524 923 3569 non
935 3506 968 3570 in
979 3523 1086 3569 unum

70 3588 252 3680 consulere:
274 3591 445 3654 exitiosum
459 3590 610 3655 adversus
624 3600 791 3655 veteranos
806 3590 965 3674 praelium,
979 3590 1086 3654 -intuta

69 3667 201 3779 obsrdro,
219 3672 350 3758 dilapsis
371 3684 529 3740 vetustate
551 3677 733 3741 ruoenibus:
754 3677 833 3740 hinc
856 3677 986 3743 Gaecine
1004 3694 1083 3740 cum

181 3777 193 3799 N
