2392 4050
97 202 156 259 310
460 217 691 257 sousa-soor<
704 217 748 257 111.

96 374 158 415 rum,
169 359 292 406 Vitellium
300 359 331 406 ad
341 359 364 404 id
375 357 516 417 adduxerat,
527 366 555 404 ut
563 359 675 405 erederet
684 360 763 431 effipia
769 360 841 417 jussa
851 367 876 406 et
887 375 902 406 a
913 367 983 406 metu
991 360 1109 418 prosecta,

96 449 208 495 amicitioe
219 463 304 494 verum
312 463 369 495 esse
379 448 499 494 indicium.
532 448 566 493 At
574 455 649 503 certe,
656 448 679 522 si
690 462 739 495 uon
749 448 846 506 Vitellii,
858 449 947 496 saltem
956 450 1111 509 imperatoris

97 553 150 587 sors
158 545 210 586 erat
218 540 327 585 dolenda.

130 627 196 674 Seet.
208 628 246 674 60.
267 627 384 673 Corsulae
394 626 486 686 smne]
522 627 642 683 cesam,
658 641 674 674 u
683 633 751 674 town
759 628 789 674 ol
800 626 908 685 Umbria,
925 627 1002 674 about
1014 634 1113 687 twenty

97 717 167 763 miles
177 718 237 763 from
245 716 361 765 Mevania
370 733 378 774 ;
394 731 451 763 now
462 717 486 763 in
494 717 569 763 mins.

130 806 227 853 Prona
237 802 496 865 proruperim]
529 801 716 865 Supplepoit'tta.

130 892 280 954 Ambigtm]
312 894 379 941 Fidei
390 895 454 940 haud
465 896 539 940 firmae
549 896 574 940 in
584 895 716 951 Vitellium,
727 895 748 940 si
758 895 854 940 daretur
864 895 894 941 iis
905 895 1012 954 spatium
1022 894 1113 940 delibe-

98 984 182 1041 randi3
198 995 266 1029 umes
282 990 307 1030 et
324 983 490 1039 vehementes,
508 984 529 1030 si
547 984 660 1031 festinata
677 984 854 1043 oppugnatione
872 984 903 1029 ad
913 983 1110 1042 desperationem

99 1071 258 1129 adigerentur.

131 1157 197 1206 Seot.
209 1160 248 1206 63.
266 1161 362 1206 &metu
375 1158 526 1220 emanire]
558 1159 586 1206 Id
596 1167 643 1216 est,
655 1161 734 1206 locum
745 1161 770 1206 in
781 1159 919 1219 campanie
939 1160 1058 1206 littoribus
1068 1160 1112 1206 ubi

99 1249 125 1296 iu
132 1248 259 1296 solitudine
269 1250 403 1307 mnqmlla,
414 1257 520 1295 remotus
531 1263 547 1295 a
556 1250 628 1297 turbu
639 1250 770 1304 hominum,
781 1258 861 1297 {evum
872 1260 946 1306 agere
957 1255 1050 1307 posset.

132 1336 198 1383 Sect.
211 1339 250 1384 ot.
268 1336 374 1384 Servitia
382 1334 506 1398 ipwmen]
539 1338 596 1385 Hoo
606 1339 706 1384 refertur
716 1339 746 1384 ad
753 1340 885 1397 prunonem
1078 1376 1081 1380 Δ

132 1426 197 1473 dect.
210 1428 248 1472 65.
264 1425 387 1483 Affictmn
396 1428 445 1487 eju·
455 1426 532 1485 fidem
538 1424 694 1487 prasjwitse]
727 1426 755 1480 1d
765 1435 811 1484 est,
818 1442 869 1487 ,pro
879 1441 910 1477 eo
921 1427 1035 1483 solvisse,
1052 1441 1111 1473 eum

99 1516 194 1563 solvere
205 1517 360 1563 oreditoribus
368 1532 417 1564 non
427 1528 518 1577 posset.

130 1603 292 1667 Affetlnfider
302 1609 503 1656 diciturlaborans
514 1624 547 1656 ex
556 1608 637 1668 inopia
647 1608 763 1666 peeuniae,
769 1620 823 1665 ⁴quo
833 1604 989 1657 oreditoribus
1000 1609 1112 1654 satisfiat.

132 1694 260 1758 Pept'gere]
292 1696 383 1744 Ratem
394 1706 419 1746 et
434 1698 608 1745 immutabilem
624 1698 763 1757 pastionem
775 1697 856 1743 seuere
864 1713 873 1754 3
889 1697 946 1755 quid
963 1697 1036 1743 suerit
1052 1697 1112 1743 illud

100 1793 199 1845 paetum
209 1801 258 1837 uon
268 1786 339 1832 refert
350 1786 458 1833 Tacitus.
824 1814 828 1817 ·
883 1833 887 1837 .

133 1874 198 1919 Seet.
211 1875 250 1919 66.
266 1875 304 1920 rra
317 1871 458 1932 perimam
470 1889 498 1922 ee
514 1870 695 1933 ntirns'eordt'o]
728 1872 753 1919 Il
763 1873 899 1932 Vespasian
913 1873 1020 1919 suffered
1034 1873 1112 1920 Vitel-

100 1962 147 2009 lius
157 1970 182 2007 to
193 1961 291 2009 survive
307 1963 345 2008 his
355 1963 482 2020 grandem,
493 1963 541 2008 and
556 1963 605 2009 live
616 1977 631 2007 a
641 1963 734 2021 private
744 1963 840 2018 citizen,
851 1976 907 2008 men
918 1962 1000 2011 would
1015 1962 1111 2008 ascribe

100 2052 117 2098 it
128 2058 154 2097 to
165 2051 230 2110 pride
241 2052 288 2097 and
297 2066 435 2110 meme,
447 2052 494 2098 and
502 2052 543 2097 the
554 2052 704 2109 vauquished
712 2051 793 2097 would
804 2058 846 2097 not
857 2051 945 2096 submit
956 2057 981 2095 to
991 2064 1036 2097 see
1046 2050 1112 2095 their

99 2154 209 2196 emperor
220 2154 235 2184 a
250 2140 323 2196 living
333 2142 449 2197 reproaeh
463 2147 489 2186 to
500 2142 562 2186 their
571 2140 652 2184 whole
664 2143 750 2200 partus
764 2139 820 2194 end,
836 2138 1023 2198 consequently,
1033 2137 1112 2184 Vitel-

99 2224 146 2271 lius
156 2224 238 2270 would
249 2225 279 2270 be
290 2226 314 2271 in
325 2226 417 2283 danger
426 2226 487 2272 from
497 2224 538 2272 the
547 2227 741 2281 commiseration
752 2227 780 2272 os
790 2227 829 2272 his
838 2223 934 2271 friends.

135 2313 201 2359 Cum
210 2310 317 2359 Vitellius
328 2315 415 2372 collega
427 2312 531 2360 Claudio
542 2314 622 2374 foret]
655 2313 777 2360 Vitellium
787 2321 880 2373 patrem
888 2313 1002 2370 intellige.

64 2454 68 2460 ,
132 2400 197 2447 uoci.
210 2403 248 2447 os.
270 2379 404 2462 vuna'jm]
437 2391 1111 2461 Consules,subimperatoribus,eligebantnraiemtu.

100 2485 211 2534 Vitellius
222 2490 253 2535 ab
263 2490 292 2536 iis
303 2504 348 2536 sua
360 2491 417 2547 jura
424 2490 563 2549 repetendo,
574 2489 709 2548 reipubliete
719 2488 832 2535 institutis
843 2488 996 2544 suffragatur,
1008 2494 1034 2533 et
1044 2501 1112 2536 sum·

99 2586 146 2624 mae
155 2585 250 2635 patrum
260 2579 371 2637 potentiae
381 2579 450 2644 qussi
461 2578 527 2624 laces
538 2578 662 2624 submittit.

132 2664 198 2709 Seet.
211 2666 249 2711 71.
266 2663 421 2711 {immeritus
430 2666 491 2721 soro
509 2663 608 2723 mlo]
641 2664 695 2710 Τὴε
714 2664 791 2710 sorum
807 2678 861 2709 was
877 2663 1028 2709 surnounded
1046 2665 1081 2722 by
1097 2677 1113 2708 ι

99 2754 201 2797 number
211 2755 240 2799 os
250 2754 369 2811 temples;
385 2756 447 2799 such
467 2768 494 2799 us
511 2755 553 2799 the
571 2754 672 2812 Temple
684 2754 712 2797 os
723 2752 840 2810 Fortune,
849 2753 878 2798 d
888 2751 983 2811 Jupiter
1000 2751 1112 2810 Tonans,

99 2842 128 2888 ot'
139 2839 235 2897 Saturn,
247 2842 288 2886 the
300 2840 400 2899 Temple
411 2841 440 2886 os
451 2840 569 2896 Concord‚
577 2842 625 2887 and
636 2841 730 2888 several
738 2841 827 2886 others.
885 2867 888 2870 -

133 2926 247 2989 capitatis·
252 2929 334 2989 soret]
367 2928 421 2976 The
432 2928 533 2987 Capitol,
545 2930 569 2974 in
580 2929 662 2982 whiph
673 2943 727 2975 was
734 2929 777 2974 the
784 2928 886 2988 Temple
896 2929 925 2975 ol
930 2928 1030 2987 Jupiter
1037 2929 1112 2990 capi·

99 3021 197 3077 tolinus,
209 3020 276 3067 stood
286 3020 398 3066 neantlre
410 3018 530 3077 Tarpeian
541 3019 609 3065 roek.
779 3017 782 3020 ‘

131 3111 208 3160 Itum
223 3111 308 3155 lumem
325 3106 408 3169 Atys]
441 3107 495 3154 The
511 3109 595 3153 Lucia
609 3104 680 3165 Asyli
697 3121 751 3154 was
766 3108 892 3163 sooalled‚
901 3108 1010 3154 because
1022 3109 1040 3154 it
1055 3122 1110 3154 was

98 3200 170 3245 made
181 3214 197 3244 a
207 3208 335 3258 sanctuary
343 3201 375 3259 by
386 3198 513 3245 Romulus.
546 3198 568 3243 It
579 3198 647 3245 stood
658 3212 690 3243 on
701 3198 742 3245 the
754 3197 886 3256 Capitoline
897 3197 946 3242 hill.

132 3285 277 3336 Sit-timentes
288 3285 418 3347 fastigium
431 3277 529 3349 optule]
573 3287 615 3334 Sic
631 3288 709 3344 diotae,
726 3286 789 3345 qinod
808 3286 833 3331 in
850 3286 984 3343 aquilarum
995 3284 1113 3331 simitudi·

99 3390 156 3423 uem
170 3376 337 3432 effigiarentur.
778 3368 786 3410 ἕ

130 3461 196 3509 Sect.
210 3465 247 3507 72.
265 3463 312 3508 Sed
322 3464 401 3520 gloria
410 3462 501 3524 operis]
535 3465 583 3511 Seil
593 3463 786 3512 consummandi

130 3547 260 3609 Libertum
293 3550 347 3595 Hoc
362 3553 436 3597 verbo
449 3552 590 3612 designatur
603 3552 695 3613 imperii
711 3552 788 3599 forma
799 3550 871 3610 quod,
887 3549 982 3607 ttomae,
1000 3550 1113 3613 expulsis

97 3637 203 3693 regibus,
213 3638 257 3683 suit
268 3640 431 3685 constitutum.
