2392 4050
53 131 96 198 30
395 136 432 200 0.
448 136 559 202 Coun.
575 135 712 201 'l'acrrr
870 136 921 225 [A.
937 139 978 205 U.
993 140 1078 207 822.

51 305 144 370 tiaris
156 293 317 371 'exercitiis
330 304 431 386 electi,
447 326 524 377 curn
538 308 647 391 aquila
661 309 782 392 quintae
803 309 940 396 legionis
962 323 994 376 et
1017 334 1078 378 co-

54 390 201 457 hortibus
218 393 351 474 elisque,
366 392 407 456 ad
421 391 635 479 quadraginta
649 394 753 458 millia
766 408 962 462 armatorum
975 398 1076 462 data:
1099 418 1103 423 ’

54 475 188 562 triginta
212 477 315 541 rnlllia
338 477 468 541 Caecina
491 499 509 542 e
532 481 694 562 superiore
721 475 897 575 Gepma'nid
921 482 1076 564 ducebat,
1170 480 1175 487 ’

51 582 193 646 quorum
206 563 304 627 robur
318 562 402 649 legio
417 582 499 645 una·
515 564 619 646 prima
633 574 665 629 et
678 565 841 645 vicesima,
856 566 938 631 fuit:
960 570 1078 633 addita

51 647 180 732 utrique
206 650 444 713 Germanorum
469 650 601 730 auxilia,
626 670 644 714 e
669 651 787 733 quibus
815 650 964 717 Vitellius
991 675 1079 718 suas

52 753 181 818 quoque
195 733 304 815 coplas
318 735 488 817 supplevit,
504 735 569 797 total
584 737 669 799 rnole
683 736 759 800 belli
774 748 952 803 secuturus.

24 818 38 889 lt
94 819 200 886 LXII.
222 818 308 883 Mira
321 820 404 884 inter
426 820 606 887 exercitum
627 821 916 905 Imperatoremque
937 824 1080 889 diversi-

20 915 113 971 ¹«tas.
156 906 280 969 Instare
295 907 398 986 miles,
410 926 500 969 arma
510 925 651 989 poscere,
668 905 766 970 ‘dum
777 907 892 974 Gallia
903 909 1079 994 trepident,

40 989 133 1057 *dum
147 990 311 1074 Hispaniae
326 1002 539 1059 cunctentur:
561 1008 629 1140 uqa
651 993 776 1056 obstare
800 993 951 1076 hyemem
964 1015 1077 1077 neque

54 1077 181 1162 ignavae
195 1076 283 1161 pacis
294 1096 421 1151 ,morast
444 1077 585 1140 invaden
611 1099 663 1141 arn
684 1078 822 1157 Italiam,
847 1082 1077 1162 occupandam

51 1164 184 1226 urbem:
207 1161 290 1226 nihil
313 1161 348 1226 in
370 1160 537 1227 discordiis
559 1163 711 1227 civilibus
733 1163 934 1228 festinatione
960 1167 1078 1247 tutius,

52 1248 110 1312 ubi
131 1246 215 1312 lacto
237 1248 348 1334 magis,
370 1255 468 1330 quam
491 1251 640 1313 consulto
659 1268 740 1332 opus
765 1253 865 1314 asset!
909 1251 1195 1337 'Perpenna-N

52 1334 211 1414 Vitellius,
228 1343 261 1395 et
274 1333 436 1398 fortunam
452 1334 654 1416 Principatirs
668 1335 762 1401 inerti
778 1335 861 1398 luxu
877 1356 914 1399 ac
929 1335 1077 1422 prodigis

51 1420 160 1502 epulis
174 1420 392 1502 praesumebat,
408 1420 513 1483 medio
526 1419 592 1483 diei
608 1421 802 1484 temulentus
821 1431 852 1483 et
866 1421 978 1504 sagina
999 1442 1077 1506 gra-

50 1505 121 1570 vis:
143 1510 340 1573 cantamen
354 1504 447 1569 ardor
469 1515 501 1568 et
515 1504 566 1570 vis
581 1506 722 1570 militum
736 1507 821 1570 ultro
841 1507 942 1585 Ducis
957 1508 1077 1571 munia

50 1589 211 1673 implebat,
227 1601 262 1654 ut
276 1591 304 1653 si
326 1589 449 1654 adesset
470 1592 654 1674 Imperator,
669 1602 700 1655 et
714 1593 861 1678 strenuis
875 1593 927 1656 vel
943 1593 1075 1676 ignavis

51 1695 142 1759 spem
155 1678 342 1759 metumque
364 1675 502 1741 adderet.
546 1677 698 1740 Instructi
723 1677 900 1760 intentique
923 1679 1078 1763 ‘signum

51 1761 263 1845 profectionis’
278 1774 466 1845 exposcunt.
511 1763 637 1826 Nomen
660 1763 856 1828 Germanici
868 1763 996 1827 Vitellio
1007 1773 1076 1825 sta-

52 1846 118 1913 tirii'
125 1848 288 1913 additum:
316 1848 486 1916 Oaesarem
506 1869 541 1912 ‘se
558 1850 711 1931 appellari
733 1849 831 1912 etiarn'
848 1849 951 1913 victor
965 1849 1076 1932 prohi-

51 1935 130 2000 buit.
188 1936 315 2000 Latum
343 1935 521 2020 augurium
548 1935 651 1998 Fabio
681 1935 809 1998 Valenti
839 1933 1073 2015 exercituique,

51 2041 148 2103 quam
163 2021 197 2085 in
213 2021 337 2152 bellqrn
358 2018 479 2106 agebat,
502 2021 571 2102 ipso
588 2020 792 2103 profectionis
805 2019 867 2100 die,
882 2019 989 2103 aquila
1003 2019 1075 2084 leni

52 2117 170 2188 meatu,
194 2089 418 2194 profrtjgmen
434 2105 604 2184 incederet,
628 2108 718 2170 velnt
739 2104 808 2169 dux
829 2106 899 2186 viae,
921 2107 1078 2188 praevola-

51 2192 121 2257 vit:
143 2194 342 2276 longumque
356 2212 412 2275 per
426 2191 564 2275 spatium
578 2193 606 2253 is
620 2190 831 2277 gaudentium
853 2192 993 2255 militum
1006 2191 1076 2253 cla-

51 2296 130 2356 mor,
145 2299 183 2342 ea
198 2278 288 2361 quies
301 2278 451 2344 interrita
463 2276 547 2341 alitis
559 2276 629 2357 fult,
646 2287 682 2343 ut
694 2277 782 2341 haud
795 2276 932 2342 dubium
946 2295 1076 2361 magnae

50 2374 82 2427 et
97 2383 251 2447 prospere
266 2364 311 2428 rei
326 2383 420 2427 omen
435 2363 641 2446 acciperetur.
669 2405 671 2408 -
862 2414 866 2423 .

23 2474 48 2524 ,f
93 2450 215 2516 LXlll.
239 2449 283 2515 Et
299 2450 460 2514 Treveros
482 2448 624 2531 quidem,
647 2460 684 2513 ut
698 2446 810 2528 socios
825 2447 930 2513 securi
952 2444 1073 2511 adiere.

52 2535 213 2601 Divoduri
229 2534 561 2620 (Mediomatricorum
577 2535 611 2599 id
634 2534 789 2618 oppidum
808 2535 870 2618 est)
883 2553 1075 2616 quanquam

52 2621 140 2686 omni
157 2617 310 2686 comitate
319 2632 467 2703 exceptos
481 2621 607 2684 subitus
622 2640 721 2703 pavor
735 2620 898 2698 exterruit,
914 2618 1011 2700 raptis
1023 2637 1075 2680 re-

51 2714 148 2789 pente
177 2706 274 2770 annis
298 2707 338 2771 ad
352 2706 472 2772 caedem
486 2706 636 2773 innoxiae
657 2705 814 2788 civitatis:
836 2724 902 2768 non
927 2705 967 2767 ob
993 2722 1075 2784 prae·

51 2792 128 2858 darn
142 2803 198 2857 aut
212 2792 371 2875 spoliandi
387 2792 547 2875 cupidine,
563 2792 618 2856 sed
641 2791 747 2856 furore
766 2802 801 2853 st
818 2790 904 2854 rabie
919 2801 950 2853 at
963 2788 1074 2851 causis

51 2879 190 2962 incertis,
212 2878 569 2977 ecqugdiffmilioribus
594 2876 764 2957 remediis3
787 2876 900 2954 donec,
921 2874 1077 2957 precibus

53 2965 157 3030 Ducis
179 2964 325 3052 mitigan,
348 2965 387 3028 ab
417 2964 544 3030 circidio
567 2962 705 3027 ciuitatis
730 2961 966 3045 temperavere;
989 2980 1075 3025 caesa

51 3062 158 3118 tamen
173 3051 214 3116 ad
227 3062 364 3135 quatuor
376 3051 479 3115 millia
495 3049 673 3117 hominum.
719 3049 814 3131 Isque
829 3059 928 3111 tcrror
944 3044 1077 3109 Gallias

52 3137 180 3217 invasit,
195 3148 233 3201 ut
247 3135 390 3201 venienti
405 3157 481 3202 mox
497 3134 620 3221 agmini
641 3133 802 3199 universae
828 3133 974 3198 civitates
994 3150 1078 3197 cum

50 3221 294 3310 'magistratibus
308 3233 339 3286 et
353 3222 501 3305 precibus
515 3231 728 3300 occurrerent,
744 3219 849 3284 stratis
864 3238 920 3302 per
931 3217 1001 3280 vias
1012 3236 1077 3299 pu-

53 3308 116 3372 eris
137 3307 361 3390 soeminisque;
392 3327 526 3391 quaque
551 3307 615 3371 alia
633 3309 835 3389 placamenta
858 3303 982 3369 hostilis
1005 3302 1075 3385 irae,
1116 3361 1124 3373 .

51 3413 74 3459 n
96 3414 118 3459 n
132 3393 263 3475 quidem
276 3393 309 3456 in
326 3393 419 3472 bello,
435 3394 490 3457 sed
504 3413 560 3475 pro
574 3412 663 3475 pace,
678 3391 898 3457 tendebantur.

96 3478 214 3543 LXIV.
239 3478 401 3542 Nuntium
422 3477 560 3545 decade
577 3479 689 3543 Galba
704 3487 734 3541 et
759 3477 898 3559 Imperio
923 3473 1080 3556 Othonis,

24 3567 29 3580 '
53 3561 175 3625 Fabius
188 3563 306 3627 Valens
330 3562 508 3626 incivitate
529 3563 712 3627 Leucorum
727 3562 859 3647 accepit.
903 3562 972 3627 Nec
987 3557 1078 3623 mili-

53 3652 123 3711 tum
136 3644 264 3713 animus
277 3647 312 3711 in
326 3646 483 3732 gaudium
496 3657 552 3712 aut
573 3646 779 3714 formidinem
803 3659 982 3733 permotus:
1005 3645 1079 3711 bel-
