2392 4050
31 68 32 79 ,
83 36 93 69 i

63 148 144 234 LO.
160 166 221 258 es]
333 168 483 234 Hrsnon.
498 167 577 235 Lrs.
593 168 771 236 Teucrus.
998 170 1061 236 12¹1

59 348 110 420 ret,
123 340 206 418 Deis,
224 338 331 405 sedern
346 341 436 405 Jovis
452 341 573 424 Optimi
587 339 735 421 Maximi,
750 340 914 425 suspicati
928 360 950 404 a
960 341 1060 424 majo-

59 428 145 506 ribus,
159 424 277 511 pignus
296 427 436 509 Imperii,
458 427 631 509 conditum,
645 446 744 511 quam
757 445 822 491 non
841 427 986 493 ,Porsena
1006 427 1060 493 ὼ·

58 508 116 572 diti
129 513 212 591 urbe,
235 530 339 594 neque
355 512 443 576 Galli
459 511 560 595 capti,
584 523 737 577 temerare
751 511 938 595 potuissent,
952 511 1060 577 lurore

59 595 235 681 Principum
256 597 422 661 exscindi!
467 598 597 661 Arserat
619 610 651 663 et
669 598 742 662 anto
763 597 951 681 capitolium
970 597 1059 664 civili

57 681 140 764 bello,
159 681 215 747 sed
228 680 343 747 fraude
361 682 506 766 privati;
531 702 622 751 nune
640 684 747 767 pulsu
760 684 933 762 obsessum,
952 684 1059 767 patim

57 766 246 832 incensumz·
265 767 384 850 quibus
408 787 573 835 armorum
594 768 724 833 causis?
750 787 815 851 quo
838 779 934 833 tante
959 769 1061 835 cledis

55 853 144 948 pretio
157 853 264 917 stetit?
287 871 344 934 pro
358 853 461 938 patrib
482 854 701 919 bellavimusi
745 854 883 918 Voverat
897 852 1060 938 Tarquin-

56 957 99 1002 ius
120 940 248 1003 Priscus
273 936 354 1019 Rex,
380 939 465 1003 bello
488 939 619 1020 Sabino,
638 938 819 1023 ieceratque
841 939 1060 1022 fundamenta,

55 1042 102 1105 spe
115 1024 214 1110 magis
229 1022 344 1090 tutius
359 1023 601 1110 magnitudinis,
616 1026 715 1108 quim
727 1025 793 1109 qub
803 1025 935 1092 modicae
950 1025 1059 1090 adhuc

56 1108 160 1192 Populi
178 1109 320 1174 Romani
341 1129 393 1174 res
417 1111 610 1175 sufficerent.
654 1111 734 1175 Mox
758 1110 891 1176 Servius
913 1110 1059 1195 Tullius,

56 1195 204 1261 sociorum
229 1194 362 1277 studio;
399 1195 514 1261 deinde
539 1194 741 1279 Tarquinius
766 1196 940 1279 Superbus,
965 1198 1059 1281 capti

56 1279 162 1345 Suessi
182 1279 338 1360 Pometii,
353 1281 497 1345 hostium
509 1279 622 1364 spoliis
636 1280 834 1347 exstruxere.
876 1280 942 1347 Sed
955 1283 1059 1368 glorie

55 1366 146 1447 operis
159 1365 300 1431 libertati
318 1381 494 1430 reservato:
516 1366 619 1450 pulsis
641 1367 793 1454 Regibus,
814 1366 968 1432 Horatius
982 1368 1060 1433 Pul·

55 1450 149 1532 tillus,
165 1452 286 1518 iterum
300 1452 433 1532 Consul,
455 1450 625 1531 dedicavit,
646 1453 685 1521 eit
698 1452 946 1539 magnificentiis,
961 1473 1060 1537 quam

55 1534 209 1602 immensas
232 1548 343 1622 postea
366 1537 478 1619 populi
501 1536 640 1602 Romani
662 1557 739 1622 opes
760 1549 912 1603 ornarent
946 1539 1058 1624 potibs,

54 1622 140 1702 quim
161 1632 328 1709 sugerent.
373 1621 618 1687 Iisdem-rursus
634 1622 776 1709 vestigiis
788 1623 887 1688 situm
901 1636 957 1704 est,
975 1634 1060 1708 post·

54 1725 149 1789 quam,
164 1707 331 1789 interjecto
345 1707 657 1794 quadringentorum
670 1708 786 1795 vigniti
801 1708 944 1792 quinque
958 1729 1059 1775 suno·

54 1811 117 1857 rum
129 1794 241 1878 spatio,
265 1795 303 1857 L.
318 1793 469 1877 Scipione
489 1795 525 1857 C.
541 1793 693 1859 Norbano
716 1793 922 1873 Consulibus,
945 1793 1058 1881 flagra·

55 1888 140 1942 voret.
167 1881 309 1953 ¹Curam
322 1878 425 1942 victor
445 1879 538 1962 Sylla
557 1877 707 1961 suscepit,
729 1897 834 1962 neque
848 1888 955 1943 tamen
972 1879 1060 1945 dedi·

55 1963 147 2029 coiit:
170 1965 235 2030 boc
250 1964 359 2034 solum
371 1962 514 2039 felicitati
529 1962 599 2045 ejus
609 1974 770 2051 negatum
813 1963 934 2029 Lutatii
950 1964 1059 2032 Cetuli

53 2065 170 2134 nornen,
191 2051 275 2115 inter
298 2059 386 2113 tanta
405 2051 569 2117 Caesarum
587 2069 693 2133 opera,
714 2068 817 2134 usque
836 2048 878 2114 ad
892 2050 1060 2119 Vitellium

54 2137 169 2200 mansit.
215 2135 456 2201 Estnnoaedes
469 2136 679 2201 cremebatur.

89 2219 245 2289 LXXllI.
267 2219 333 2286 Sed
346 2221 420 2304 plus
435 2220 563 2304 paveris
574 2220 718 2304 obsessis,
732 2223 830 2305 quim
839 2221 1057 2289 obsessoribus

54 2303 162 2372 intulit.
220 2307 353 2389 Quippe
377 2306 567 2371 Vitellianus
591 2306 693 2387 miles,
717 2327 821 2392 neque
847 2317 928 2388 astu,
952 2328 1059 2393 neque

55 2391 235 2473 constantii,
260 2391 344 2456 inter
365 2389 464 2455 dubia
486 2391 657 2488 indigebat.
717 2393 772 2460 Ex
795 2393 921 2458 diverso
945 2394 1058 2477 trepidi

55 2473 171 2557 milites,
200 2477 280 2542 Dux
299 2477 406 2563 segnis
420 2488 452 2541 et
465 2477 566 2542 veluti
586 2487 698 2560 captus
717 2478 825 2557 animi,
849 2497 914 2543 uon
933 2478 1057 2565 lingui,

54 2577 111 2626 non
125 2563 257 2627 nuribus
277 2570 470 2646 competere:
492 2580 596 2644 neque
616 2562 730 2625 alienis
745 2563 890 2627 consiliis
902 2563 980 2663 regi,
1002 2584 1057 2629 ne-

55 2662 109 2726 que
122 2667 183 2714 sua
193 2646 361 2730 expedire:
383 2646 449 2711 huc
471 2646 1056 2716 illucclamoribushostiumcrrcnm·

56 2732 116 2816 ogi:
146 2753 220 2818 quae
238 2732 376 2812 iusserat
392 2743 506 2813 vetare,
534 2751 607 2814 quae
631 2745 781 2815 vetuerat,
799 2732 921 2817 jubere.
965 2735 1055 2817 Mox,

55 2818 131 2897 quod
154 2821 190 2883 in
215 2817 345 2901 perditis
368 2819 462 2882 rebus
487 2816 611 2896 accidit,
634 2838 743 2883 omnes
762 2821 939 2903 precipere,
961 2840 1056 2886 nemo

56 2906 180 2986 exequi:
202 2903 361 2987 postremi)
375 2902 504 2983 abjectis
524 2905 630 2982 ermis
652 2902 686 2966 fu
732 2924 765 2968 m
777 2917 809 2970 et
822 2904 955 2970 fallendi
974 2917 1058 2969 artes

57 2985 364 3072 circumspectabant.
407 2989 595 3072 Inrumpunt
609 2988 691 3054 Vitel
705 2988 772 3052 iani
794 3001 825 3053 et
848 2999 965 3054 cuncta
985 3010 1058 3054 san·

56 3072 154 3155 pruine,
176 3074 270 3154 ferro,
292 3073 489 3157 neminisque
502 3073 645 3137 miscent.
688 3073 789 3137 Pauci
808 3073 997 3140 militarium
1010 3074 1058 3139 vi-

57 3174 157 3224 rorum
170 3160 252 3224 inter
273 3179 354 3244 quos
376 3158 516 3223 maximi
535 3158 686 3244 insignes,
708 3159 875 3223 Comelius
890 3160 1056 3245 Martialis,
1074 3203 1076 3206 -

58 3243 202 3309 AEmilius
218 3245 377 3326 Pacensis,
393 3245 563 3327 Casperius
577 3244 686 3329 Niger,
710 3243 827 3308 Didius
841 3245 964 3327 Scaeva,
978 3268 1058 3336 pug-

57 3344 126 3393 nem
149 3330 227 3411 ausi,
250 3330 491 3395 obtruncantur.
535 3330 689 3394 Flavium
702 3329 868 3410 Sabinum,
890 3331 1055 3416 inermem,
1166 3343 1167 3386 1

58 3429 153 3497 neque
166 3415 279 3503 fugam
292 3426 492 3499 coeptantem,
507 3414 755 3496 circumsistunt,
765 3426 797 3479 et
811 3415 987 3487 Quintium
1000 3422 1057 3485 At·
1166 3427 1168 3497 ᾖ

58 3496 158 3583 ticum,
174 3503 357 3579 Consulem,
373 3500 486 3565 umbri
497 3501 627 3572 horroris
638 3510 670 3562 et
682 3502 805 3567 suismet
817 3503 956 3568 vanitate
966 3524 1056 3569 mon-

59 3593 190 3668 stratum,
213 3586 301 3670 quid
315 3585 418 3652 edicta
439 3586 474 3650 iu
495 3587 661 3669 populum,
683 3605 740 3669 pro
755 3588 951 3670 Vespasiano
968 3609 1056 3670 mag·
1166 3609 1167 3612 ’

56 3668 149 3756 nifica,
175 3673 329 3758 probrosa
353 3672 503 3737 adversis
518 3671 693 3752 Vitellium,
712 3670 840 3752 jecerat.
881 3669 985 3734 Ceteri
999 3686 1057 3750 per
1164 3679 1168 3704 ’
