<?xml version="1.0" encoding="UTF-8"?>
<!DOCTYPE html PUBLIC "-//W3C//DTD XHTML 1.0 Transitional//EN"
    "http://www.w3.org/TR/xhtml1/DTD/xhtml1-transitional.dtd">
<html xmlns="http://www.w3.org/1999/xhtml" xml:lang="en" lang="en">
 <head>
  <title>
</title>
<meta http-equiv="Content-Type" content="text/html;charset=utf-8" />
  <meta name='ocr-system' content='tesseract 3.04.00' />
  <meta name='ocr-capabilities' content='ocr_page ocr_carea ocr_par ocr_line ocrx_word'/>
</head>
<body>
  <div class='ocr_page' id='page_1' title='image "./ccorneliitaciti37tacigoog_0578.png"; bbox 0 0 2392 4050; ppageno 0'>
   <div class='ocr_carea' id='block_1_1' title="bbox 416 241 1099 317">
    <p class='ocr_par' dir='ltr' id='par_1_1' title="bbox 416 241 1099 317">
     <span class='ocr_line' id='line_1_1' title="bbox 416 241 1099 317; baseline 0.013 -10"><span class='ocrx_word' id='word_1_1' title='bbox 416 241 730 310; x_wconf 79' lang='lat' dir='ltr'>Surruennnnnu.</span> <span class='ocrx_word' id='word_1_2' title='bbox 1031 248 1099 317; x_wconf 78' lang='lat'>285</span> 
     </span>
    </p>
   </div>
   <div class='ocr_carea' id='block_1_2' title="bbox 64 405 1099 496">
    <p class='ocr_par' dir='ltr' id='par_1_2' title="bbox 64 405 1099 496">
     <span class='ocr_line' id='line_1_2' title="bbox 64 405 1099 496; baseline 0.012 -28"><span class='ocrx_word' id='word_1_3' title='bbox 64 410 121 468; x_wconf 89' lang='lat' dir='ltr'>bus</span> <span class='ocrx_word' id='word_1_4' title='bbox 132 412 300 488; x_wconf 79' lang='lat' dir='ltr'>etpraeniiis</span> <span class='ocrx_word' id='word_1_5' title='bbox 310 417 511 490; x_wconf 81' lang='lat' dir='ltr'>promovebat:</span> <span class='ocrx_word' id='word_1_6' title='bbox 534 417 652 476; x_wconf 86' lang='lat' dir='ltr'>aderant</span> <span class='ocrx_word' id='word_1_7' title='bbox 665 407 776 493; x_wconf 87' lang='lat' dir='ltr'>quoque</span> <span class='ocrx_word' id='word_1_8' title='bbox 786 417 849 496; x_wconf 83' lang='lat' dir='ltr'>ejus</span> <span class='ocrx_word' id='word_1_9' title='bbox 862 418 986 479; x_wconf 79' lang='lat' dir='ltr'>filiorum</span> <span class='ocrx_word' id='word_1_10' title='bbox 1000 405 1099 481; x_wconf 84' lang='lat' dir='ltr'>exem·</span> 
     </span>
    </p>
   </div>
   <div class='ocr_carea' id='block_1_3' title="bbox 33 491 1099 2158">
    <p class='ocr_par' dir='ltr' id='par_1_3' title="bbox 33 491 1099 2158">
     <span class='ocr_line' id='line_1_3' title="bbox 64 491 1099 577; baseline 0.013 -31"><span class='ocrx_word' id='word_1_11' title='bbox 64 491 126 567; x_wconf 88' lang='lat' dir='ltr'>pla,</span> <span class='ocrx_word' id='word_1_12' title='bbox 141 492 215 549; x_wconf 41' lang='lat' dir='ltr'>dum*</span> <span class='ocrx_word' id='word_1_13' title='bbox 223 492 368 551; x_wconf 86' lang='lat' dir='ltr'>literarum</span> <span class='ocrx_word' id='word_1_14' title='bbox 381 495 574 554; x_wconf 86' lang='lat' dir='ltr'>monumentis</span> <span class='ocrx_word' id='word_1_15' title='bbox 589 499 706 574; x_wconf 86' lang='lat' dir='ltr'>generis</span> <span class='ocrx_word' id='word_1_16' title='bbox 716 498 762 555; x_wconf 88' lang='lat' dir='ltr'>sui</span> <span class='ocrx_word' id='word_1_17' title='bbox 775 499 962 570; x_wconf 67' lang='lat' dir='ltr'>nobilitatem,</span> <span class='ocrx_word' id='word_1_18' title='bbox 974 511 1099 577; x_wconf 81' lang='lat' dir='ltr'>partam·</span> 
     </span>
     <span class='ocr_line' id='line_1_4' title="bbox 63 572 1098 654; baseline 0.011 -27"><span class='ocrx_word' id='word_1_19' title='bbox 63 589 124 645; x_wconf 89' lang='lat' dir='ltr'>que</span> <span class='ocrx_word' id='word_1_20' title='bbox 145 572 230 629; x_wconf 87' lang='lat' dir='ltr'>bellis</span> <span class='ocrx_word' id='word_1_21' title='bbox 254 573 378 648; x_wconf 83' lang='lat' dir='ltr'>gloriam</span> <span class='ocrx_word' id='word_1_22' title='bbox 402 577 586 652; x_wconf 86' lang='lat' dir='ltr'>amplificant.</span> <span class='ocrx_word' id='word_1_23' title='bbox 628 579 667 634; x_wconf 88' lang='lat' dir='ltr'>At</span> <span class='ocrx_word' id='word_1_24' title='bbox 689 588 876 653; x_wconf 71' lang='lat' dir='ltr'>praeterquam</span> <span class='ocrx_word' id='word_1_25' title='bbox 901 579 976 654; x_wconf 79' lang='lat' dir='ltr'>quod</span> <span class='ocrx_word' id='word_1_26' title='bbox 999 580 1098 638; x_wconf 81' lang='lat' dir='ltr'>vitiata</span> 
     </span>
     <span class='ocr_line' id='line_1_5' title="bbox 65 651 1099 732; baseline 0.012 -26"><span class='ocrx_word' id='word_1_27' title='bbox 65 651 163 708; x_wconf 89' lang='lat' dir='ltr'>semel</span> <span class='ocrx_word' id='word_1_28' title='bbox 176 651 303 727; x_wconf 84' lang='lat' dir='ltr'>ingenia,</span> <span class='ocrx_word' id='word_1_29' title='bbox 316 654 484 729; x_wconf 86' lang='lat' dir='ltr'>plerumque</span> <span class='ocrx_word' id='word_1_30' title='bbox 497 668 565 713; x_wconf 89' lang='lat' dir='ltr'>sunt</span> <span class='ocrx_word' id='word_1_31' title='bbox 577 656 810 728; x_wconf 75' lang='lat' dir='ltr'>inemendabilia,</span> <span class='ocrx_word' id='word_1_32' title='bbox 822 659 879 732; x_wconf 80' lang='lat' dir='ltr'>qud</span> <span class='ocrx_word' id='word_1_33' title='bbox 892 658 986 717; x_wconf 80' lang='lat' dir='ltr'>minis</span> <span class='ocrx_word' id='word_1_34' title='bbox 1001 678 1099 718; x_wconf 90' lang='lat' dir='ltr'>emen-</span> 
     </span>
     <span class='ocr_line' id='line_1_6' title="bbox 65 729 1097 813; baseline 0.012 -27"><span class='ocrx_word' id='word_1_35' title='bbox 65 729 204 787; x_wconf 85' lang='lat' dir='ltr'>darentur</span> <span class='ocrx_word' id='word_1_36' title='bbox 228 733 342 797; x_wconf 85' lang='lat' dir='ltr'>obstitit</span> <span class='ocrx_word' id='word_1_37' title='bbox 356 735 494 810; x_wconf 83' lang='lat' dir='ltr'>juvenilis</span> <span class='ocrx_word' id='word_1_38' title='bbox 522 736 640 794; x_wconf 89' lang='lat' dir='ltr'>licentia</span> <span class='ocrx_word' id='word_1_39' title='bbox 663 748 693 795; x_wconf 87' lang='lat' dir='ltr'>et</span> <span class='ocrx_word' id='word_1_40' title='bbox 705 737 851 813; x_wconf 87' lang='lat' dir='ltr'>popularis</span> <span class='ocrx_word' id='word_1_41' title='bbox 871 737 959 796; x_wconf 82' lang='lat' dir='ltr'>favor.</span> <span class='ocrx_word' id='word_1_42' title='bbox 1004 738 1097 798; x_wconf 84' lang='lat' dir='ltr'>Vobis</span> 
     </span>
     <span class='ocr_line' id='line_1_7' title="bbox 65 810 1097 893; baseline 0.011 -27"><span class='ocrx_word' id='word_1_43' title='bbox 65 810 148 867; x_wconf 87' lang='lat' dir='ltr'>enim</span> <span class='ocrx_word' id='word_1_44' title='bbox 163 823 339 886; x_wconf 89' lang='lat' dir='ltr'>compertum</span> <span class='ocrx_word' id='word_1_45' title='bbox 358 826 403 871; x_wconf 89' lang='lat' dir='ltr'>est</span> <span class='ocrx_word' id='word_1_46' title='bbox 416 814 501 889; x_wconf 73' lang='lat' dir='ltr'>quim</span> <span class='ocrx_word' id='word_1_47' title='bbox 515 816 659 886; x_wconf 75' lang='lat' dir='ltr'><strong>audacter,</strong></span> <span class='ocrx_word' id='word_1_48' title='bbox 672 828 739 893; x_wconf 91' lang='lat' dir='ltr'>post</span> <span class='ocrx_word' id='word_1_49' title='bbox 760 825 931 893; x_wconf 84' lang='lat' dir='ltr'>prostratam</span> <span class='ocrx_word' id='word_1_50' title='bbox 951 817 1097 877; x_wconf 84' lang='lat' dir='ltr'>forensem</span> 
     </span>
     <span class='ocr_line' id='line_1_8' title="bbox 63 889 1097 970; baseline 0.011 -24"><span class='ocrx_word' id='word_1_51' title='bbox 63 889 269 964; x_wconf 76' lang='lat' dir='ltr'>eloquentiam,</span> <span class='ocrx_word' id='word_1_52' title='bbox 290 894 415 968; x_wconf 88' lang='lat' dir='ltr'>eruperit</span> <span class='ocrx_word' id='word_1_53' title='bbox 434 895 572 970; x_wconf 83' lang='lat' dir='ltr'>juvenum</span> <span class='ocrx_word' id='word_1_54' title='bbox 595 895 722 953; x_wconf 87' lang='lat' dir='ltr'>licentia.</span> <span class='ocrx_word' id='word_1_55' title='bbox 764 896 848 958; x_wconf 85' lang='lat' dir='ltr'>Nihil</span> <span class='ocrx_word' id='word_1_56' title='bbox 870 896 1003 968; x_wconf 76' lang='lat' dir='ltr'>modesti,</span> <span class='ocrx_word' id='word_1_57' title='bbox 1023 898 1097 957; x_wconf 91' lang='lat' dir='ltr'>nihil</span> 
     </span>
     <span class='ocr_line' id='line_1_9' title="bbox 63 970 1097 1052; baseline 0.012 -28"><span class='ocrx_word' id='word_1_58' title='bbox 63 970 176 1043; x_wconf 79' lang='lat' dir='ltr'>antiqui</span> <span class='ocrx_word' id='word_1_59' title='bbox 191 971 279 1027; x_wconf 85' lang='lat' dir='ltr'>moris</span> <span class='ocrx_word' id='word_1_60' title='bbox 292 970 345 1029; x_wconf 89' lang='lat' dir='ltr'>fnit</span> <span class='ocrx_word' id='word_1_61' title='bbox 358 974 506 1048; x_wconf 89' lang='lat' dir='ltr'>reliquum.</span> <span class='ocrx_word' id='word_1_62' title='bbox 547 974 625 1032; x_wconf 74' lang='lat' dir='ltr'>Ante</span> <span class='ocrx_word' id='word_1_63' title='bbox 640 994 678 1032; x_wconf 92' lang='lat' dir='ltr'>ne</span> <span class='ocrx_word' id='word_1_64' title='bbox 693 975 881 1033; x_wconf 73' lang='lat' dir='ltr'>nobilissimis</span> <span class='ocrx_word' id='word_1_65' title='bbox 894 976 1010 1052; x_wconf 89' lang='lat' dir='ltr'>quidem</span> <span class='ocrx_word' id='word_1_66' title='bbox 1029 978 1097 1036; x_wconf 88' lang='lat' dir='ltr'>ado-</span> 
     </span>
     <span class='ocr_line' id='line_1_10' title="bbox 61 1048 1094 1133; baseline 0.009 -26"><span class='ocrx_word' id='word_1_67' title='bbox 61 1048 244 1107; x_wconf 87' lang='lat' dir='ltr'>lescentibus</span> <span class='ocrx_word' id='word_1_68' title='bbox 255 1050 337 1108; x_wconf 92' lang='lat' dir='ltr'>locus</span> <span class='ocrx_word' id='word_1_69' title='bbox 351 1062 420 1122; x_wconf 86' lang='lat' dir='ltr'>erat,</span> <span class='ocrx_word' id='word_1_70' title='bbox 435 1053 492 1110; x_wconf 89' lang='lat' dir='ltr'>nisi</span> <span class='ocrx_word' id='word_1_71' title='bbox 505 1053 600 1128; x_wconf 88' lang='lat' dir='ltr'>aliquo</span> <span class='ocrx_word' id='word_1_72' title='bbox 616 1054 768 1112; x_wconf 81' lang='lat' dir='ltr'>Consulari</span> <span class='ocrx_word' id='word_1_73' title='bbox 780 1055 968 1131; x_wconf 86' lang='lat' dir='ltr'>producente,</span> <span class='ocrx_word' id='word_1_74' title='bbox 982 1058 1030 1133; x_wconf 92' lang='lat' dir='ltr'>qui</span> <span class='ocrx_word' id='word_1_75' title='bbox 1042 1076 1094 1116; x_wconf 82' lang='lat' dir='ltr'>eoa</span> 
     </span>
     <span class='ocr_line' id='line_1_11' title="bbox 62 1128 1095 1209; baseline 0.011 -25"><span class='ocrx_word' id='word_1_76' title='bbox 62 1128 232 1185; x_wconf 81' lang='lat' dir='ltr'>ostenderet</span> <span class='ocrx_word' id='word_1_77' title='bbox 244 1128 315 1200; x_wconf 92' lang='lat' dir='ltr'>foro,</span> <span class='ocrx_word' id='word_1_78' title='bbox 329 1132 490 1208; x_wconf 80' lang='lat' dir='ltr'>assignaret</span> <span class='ocrx_word' id='word_1_79' title='bbox 511 1132 603 1190; x_wconf 74' lang='lat' dir='ltr'>samaa.</span> <span class='ocrx_word' id='word_1_80' title='bbox 631 1134 703 1192; x_wconf 68' lang='lat' dir='ltr'>⁴Ubi</span> <span class='ocrx_word' id='word_1_81' title='bbox 727 1144 822 1191; x_wconf 88' lang='lat' dir='ltr'>autern</span> <span class='ocrx_word' id='word_1_82' title='bbox 836 1137 944 1193; x_wconf 84' lang='lat' dir='ltr'>exarsit</span> <span class='ocrx_word' id='word_1_83' title='bbox 966 1137 1095 1209; x_wconf 90' lang='lat' dir='ltr'>licentia,</span> 
     </span>
     <span class='ocr_line' id='line_1_12' title="bbox 62 1206 1095 1292; baseline 0.011 -28"><span class='ocrx_word' id='word_1_84' title='bbox 62 1206 199 1265; x_wconf 83' lang='lat' dir='ltr'>refractis</span> <span class='ocrx_word' id='word_1_85' title='bbox 208 1209 325 1285; x_wconf 87' lang='lat' dir='ltr'>pudoris</span> <span class='ocrx_word' id='word_1_86' title='bbox 336 1221 365 1267; x_wconf 92' lang='lat' dir='ltr'>et</span> <span class='ocrx_word' id='word_1_87' title='bbox 377 1213 545 1270; x_wconf 72' lang='lat' dir='ltr'>reverentia</span> <span class='ocrx_word' id='word_1_88' title='bbox 560 1213 703 1283; x_wconf 85' lang='lat' dir='ltr'>claustris,</span> <span class='ocrx_word' id='word_1_89' title='bbox 716 1214 813 1272; x_wconf 86' lang='lat' dir='ltr'>omnia</span> <span class='ocrx_word' id='word_1_90' title='bbox 826 1215 958 1273; x_wconf 89' lang='lat' dir='ltr'>omnibus</span> <span class='ocrx_word' id='word_1_91' title='bbox 968 1217 1095 1292; x_wconf 68' lang='lat' dir='ltr'>patuere.</span> 
     </span>
     <span class='ocr_line' id='line_1_13' title="bbox 63 1285 1097 1363; baseline 0.008 -18"><span class='ocrx_word' id='word_1_92' title='bbox 63 1285 196 1345; x_wconf 86' lang='lat' dir='ltr'>Juvenes</span> <span class='ocrx_word' id='word_1_93' title='bbox 206 1288 270 1345; x_wconf 89' lang='lat' dir='ltr'>sine</span> <span class='ocrx_word' id='word_1_94' title='bbox 285 1289 402 1361; x_wconf 86' lang='lat' dir='ltr'>fautore,</span> <span class='ocrx_word' id='word_1_95' title='bbox 417 1292 481 1348; x_wconf 90' lang='lat' dir='ltr'>sine</span> <span class='ocrx_word' id='word_1_96' title='bbox 496 1292 810 1363; x_wconf 69' lang='lat' dir='ltr'>commendatore,&#39;solb</span> <span class='ocrx_word' id='word_1_97' title='bbox 823 1296 876 1351; x_wconf 85' lang='lat' dir='ltr'>sul</span> <span class='ocrx_word' id='word_1_98' title='bbox 891 1294 1010 1351; x_wconf 71' lang='lat' dir='ltr'>audacia</span> <span class='ocrx_word' id='word_1_99' title='bbox 1027 1314 1097 1353; x_wconf 88' lang='lat' dir='ltr'>oon·</span> 
     </span>
     <span class='ocr_line' id='line_1_14' title="bbox 61 1367 1095 1448; baseline 0.008 -24"><span class='ocrx_word' id='word_1_100' title='bbox 61 1367 124 1437; x_wconf 86' lang='lat' dir='ltr'>fisi,</span> <span class='ocrx_word' id='word_1_101' title='bbox 138 1386 196 1425; x_wconf 92' lang='lat' dir='ltr'>non</span> <span class='ocrx_word' id='word_1_102' title='bbox 209 1368 388 1440; x_wconf 89' lang='lat' dir='ltr'>inducuntur,</span> <span class='ocrx_word' id='word_1_103' title='bbox 399 1371 452 1428; x_wconf 90' lang='lat' dir='ltr'>scd</span> <span class='ocrx_word' id='word_1_104' title='bbox 465 1372 631 1448; x_wconf 90' lang='lat' dir='ltr'>irrumpant.</span> <span class='ocrx_word' id='word_1_105' title='bbox 673 1373 742 1431; x_wconf 90' lang='lat' dir='ltr'>Non</span> <span class='ocrx_word' id='word_1_106' title='bbox 756 1391 807 1431; x_wconf 92' lang='lat' dir='ltr'>eos</span> <span class='ocrx_word' id='word_1_107' title='bbox 826 1384 951 1431; x_wconf 84' lang='lat' dir='ltr'>moratur</span> <span class='ocrx_word' id='word_1_108' title='bbox 963 1373 1023 1432; x_wconf 86' lang='lat' dir='ltr'>loci</span> <span class='ocrx_word' id='word_1_109' title='bbox 1035 1393 1095 1432; x_wconf 89' lang='lat' dir='ltr'>ma·</span> 
     </span>
     <span class='ocr_line' id='line_1_15' title="bbox 57 1446 1094 1529; baseline 0.011 -28"><span class='ocrx_word' id='word_1_110' title='bbox 57 1447 167 1524; x_wconf 82' lang='lat' dir='ltr'>jestas,</span> <span class='ocrx_word' id='word_1_111' title='bbox 181 1446 277 1524; x_wconf 90' lang='lat' dir='ltr'>legum</span> <span class='ocrx_word' id='word_1_112' title='bbox 291 1450 439 1521; x_wconf 84' lang='lat' dir='ltr'>sanctitas,</span> <span class='ocrx_word' id='word_1_113' title='bbox 457 1451 545 1509; x_wconf 89' lang='lat' dir='ltr'>efficii</span> <span class='ocrx_word' id='word_1_114' title='bbox 565 1452 707 1529; x_wconf 83' lang='lat' dir='ltr'>dignitas:</span> <span class='ocrx_word' id='word_1_115' title='bbox 730 1465 769 1511; x_wconf 86' lang='lat' dir='ltr'>ne</span> <span class='ocrx_word' id='word_1_116' title='bbox 790 1472 841 1511; x_wconf 87' lang='lat' dir='ltr'>eos</span> <span class='ocrx_word' id='word_1_117' title='bbox 863 1453 978 1527; x_wconf 84' lang='lat' dir='ltr'>quidem</span> <span class='ocrx_word' id='word_1_118' title='bbox 997 1465 1094 1512; x_wconf 82' lang='lat' dir='ltr'>moret</span> 
     </span>
     <span class='ocr_line' id='line_1_16' title="bbox 61 1526 1094 1609; baseline 0.011 -27"><span class='ocrx_word' id='word_1_119' title='bbox 61 1526 202 1583; x_wconf 86' lang='lat' dir='ltr'>novitatis</span> <span class='ocrx_word' id='word_1_120' title='bbox 217 1538 246 1583; x_wconf 88' lang='lat' dir='ltr'>et</span> <span class='ocrx_word' id='word_1_121' title='bbox 266 1530 412 1586; x_wconf 86' lang='lat' dir='ltr'>tenuitatis</span> <span class='ocrx_word' id='word_1_122' title='bbox 426 1549 485 1588; x_wconf 78' lang='lat' dir='ltr'>sua</span> <span class='ocrx_word' id='word_1_123' title='bbox 500 1532 687 1592; x_wconf 84' lang='lat' dir='ltr'>conscientia.</span> <span class='ocrx_word' id='word_1_124' title='bbox 730 1533 846 1599; x_wconf 86' lang='lat' dir='ltr'>Quanto</span> <span class='ocrx_word' id='word_1_125' title='bbox 858 1533 923 1609; x_wconf 91' lang='lat' dir='ltr'>quis</span> <span class='ocrx_word' id='word_1_126' title='bbox 937 1534 1094 1606; x_wconf 83' lang='lat' dir='ltr'>obscurior,</span> 
     </span>
     <span class='ocr_line' id='line_1_17' title="bbox 60 1609 610 1683; baseline 0.013 -21"><span class='ocrx_word' id='word_1_127' title='bbox 60 1616 146 1662; x_wconf 88' lang='lat' dir='ltr'>tanto</span> <span class='ocrx_word' id='word_1_128' title='bbox 160 1615 205 1663; x_wconf 88' lang='lat' dir='ltr'>est</span> <span class='ocrx_word' id='word_1_129' title='bbox 219 1609 402 1683; x_wconf 82' lang='lat' dir='ltr'>arrogantior.</span> <span class='ocrx_word' id='word_1_130' title='bbox 608 1627 610 1632; x_wconf 85' lang='lat'>·</span> 
     </span>
     <span class='ocr_line' id='line_1_18' title="bbox 33 1685 1093 1766; baseline 0.011 -28"><span class='ocrx_word' id='word_1_131' title='bbox 33 1729 37 1736; x_wconf 94' lang='grc'><em>.</em></span> <span class='ocrx_word' id='word_1_132' title='bbox 107 1689 137 1743; x_wconf 85' lang='grc'>8.</span> <span class='ocrx_word' id='word_1_133' title='bbox 158 1685 193 1742; x_wconf 93' lang='lat' dir='ltr'>ln</span> <span class='ocrx_word' id='word_1_134' title='bbox 211 1685 269 1743; x_wconf 83' lang='lat' dir='ltr'>bac</span> <span class='ocrx_word' id='word_1_135' title='bbox 291 1689 360 1745; x_wconf 89' lang='lat' dir='ltr'>mali</span> <span class='ocrx_word' id='word_1_136' title='bbox 383 1689 495 1746; x_wconf 73' lang='lat' dir='ltr'>summi</span> <span class='ocrx_word' id='word_1_137' title='bbox 517 1689 635 1747; x_wconf 89' lang='lat' dir='ltr'>unicum</span> <span class='ocrx_word' id='word_1_138' title='bbox 659 1700 807 1766; x_wconf 85' lang='lat' dir='ltr'>supererat</span> <span class='ocrx_word' id='word_1_139' title='bbox 826 1691 996 1760; x_wconf 88' lang='lat' dir='ltr'>subsidium,</span> <span class='ocrx_word' id='word_1_140' title='bbox 1009 1690 1093 1749; x_wconf 74' lang='lat' dir='ltr'>same</span> 
     </span>
     <span class='ocr_line' id='line_1_19' title="bbox 58 1765 1094 1903; baseline 0.007 -83"><span class='ocrx_word' id='word_1_141' title='bbox 58 1765 234 1903; x_wconf 68' lang='lat' dir='ltr'>periculum.</span> <span class='ocrx_word' id='word_1_142' title='bbox 275 1766 356 1824; x_wconf 86' lang='lat' dir='ltr'>Leve</span> <span class='ocrx_word' id='word_1_143' title='bbox 370 1768 483 1825; x_wconf 90' lang='lat' dir='ltr'>illudet</span> <span class='ocrx_word' id='word_1_144' title='bbox 497 1779 658 1826; x_wconf 88' lang='lat' dir='ltr'>extremum</span> <span class='ocrx_word' id='word_1_145' title='bbox 671 1770 835 1845; x_wconf 73' lang='lat' dir='ltr'>presidium</span> <span class='ocrx_word' id='word_1_146' title='bbox 845 1769 961 1846; x_wconf 77' lang='lat' dir='ltr'>infregit</span> <span class='ocrx_word' id='word_1_147' title='bbox 970 1770 1094 1845; x_wconf 80' lang='lat' dir='ltr'>Largius</span> 
     </span>
     <span class='ocr_line' id='line_1_20' title="bbox 91 1845 1092 1924; baseline 0.006 -24"><span class='ocrx_word' id='word_1_148' title='bbox 91 1845 207 1901; x_wconf 81' lang='lat' dir='ltr'>ininius.</span> <span class='ocrx_word' id='word_1_149' title='bbox 249 1845 280 1903; x_wconf 93' lang='lat' dir='ltr'>ls</span> <span class='ocrx_word' id='word_1_150' title='bbox 294 1848 381 1917; x_wconf 87' lang='lat' dir='ltr'>enim,</span> <span class='ocrx_word' id='word_1_151' title='bbox 394 1866 433 1905; x_wconf 91' lang='lat' dir='ltr'>ne</span> <span class='ocrx_word' id='word_1_152' title='bbox 443 1847 520 1905; x_wconf 86' lang='lat' dir='ltr'>sarna</span> <span class='ocrx_word' id='word_1_153' title='bbox 540 1847 613 1905; x_wconf 90' lang='lat' dir='ltr'>foret</span> <span class='ocrx_word' id='word_1_154' title='bbox 625 1848 655 1906; x_wconf 94' lang='lat' dir='ltr'>in</span> <span class='ocrx_word' id='word_1_155' title='bbox 669 1848 797 1924; x_wconf 89' lang='lat' dir='ltr'>ancipiti,</span> <span class='ocrx_word' id='word_1_156' title='bbox 817 1849 926 1924; x_wconf 83' lang='lat' dir='ltr'>primus</span> <span class='ocrx_word' id='word_1_157' title='bbox 947 1847 1092 1906; x_wconf 82' lang='lat' dir='ltr'>auditores</span> 
     </span>
     <span class='ocr_line' id='line_1_21' title="bbox 60 1925 1096 2003; baseline 0 -21"><span class='ocrx_word' id='word_1_158' title='bbox 60 1925 234 1999; x_wconf 83' lang='lat' dir='ltr'>corrogavit,</span> <span class='ocrx_word' id='word_1_159' title='bbox 247 1926 339 2001; x_wconf 87' lang='lat' dir='ltr'>pretio</span> <span class='ocrx_word' id='word_1_160' title='bbox 351 1927 481 2003; x_wconf 84' lang='lat' dir='ltr'>implerit</span> <span class='ocrx_word' id='word_1_161' title='bbox 502 1926 650 1994; x_wconf 90' lang='lat' dir='ltr'>subsellia,</span> <span class='ocrx_word' id='word_1_162' title='bbox 666 1927 776 2002; x_wconf 87' lang='lat' dir='ltr'>ingenti</span> <span class='ocrx_word' id='word_1_163' title='bbox 799 1927 904 1984; x_wconf 72' lang='lat' dir='ltr'>comni</span> <span class='ocrx_word' id='word_1_164' title='bbox 918 1945 952 1982; x_wconf 89' lang='lat' dir='ltr'>se</span> <span class='ocrx_word' id='word_1_165' title='bbox 966 1926 1096 1983; x_wconf 79' lang='lat' dir='ltr'>accinxit</span> 
     </span>
     <span class='ocr_line' id='line_1_22' title="bbox 60 2002 1094 2076; baseline 0 -14"><span class='ocrx_word' id='word_1_166' title='bbox 60 2002 194 2062; x_wconf 87' lang='lat' dir='ltr'>infinitos</span> <span class='ocrx_word' id='word_1_167' title='bbox 205 2005 346 2063; x_wconf 89' lang='lat' dir='ltr'>clamores</span> <span class='ocrx_word' id='word_1_168' title='bbox 358 2005 503 2063; x_wconf 84' lang='lat' dir='ltr'>conduxit.</span> <span class='ocrx_word' id='word_1_169' title='bbox 545 2005 628 2070; x_wconf 87' lang='lat' dir='ltr'>Quos</span> <span class='ocrx_word' id='word_1_170' title='bbox 636 2005 701 2062; x_wconf 77' lang='lat' dir='ltr'>etim</span> <span class='ocrx_word' id='word_1_171' title='bbox 710 2005 851 2063; x_wconf 80' lang='lat' dir='ltr'>audiisset</span> <span class='ocrx_word' id='word_1_172' title='bbox 860 2004 1005 2062; x_wconf 88' lang='lat' dir='ltr'>Domitius</span> <span class='ocrx_word' id='word_1_173' title='bbox 1014 2004 1094 2076; x_wconf 83' lang='lat' dir='ltr'>Afer,</span> 
     </span>
     <span class='ocr_line' id='line_1_23' title="bbox 59 2083 1093 2158; baseline -0.001 -19"><span class='ocrx_word' id='word_1_174' title='bbox 59 2083 182 2139; x_wconf 83' lang='lat' dir='ltr'>forense</span> <span class='ocrx_word' id='word_1_175' title='bbox 194 2084 345 2139; x_wconf 84' lang='lat' dir='ltr'>artificium</span> <span class='ocrx_word' id='word_1_176' title='bbox 358 2084 481 2158; x_wconf 86' lang='lat' dir='ltr'>periisse</span> <span class='ocrx_word' id='word_1_177' title='bbox 496 2083 677 2140; x_wconf 86' lang='lat' dir='ltr'>exclamarit.</span> <span class='ocrx_word' id='word_1_178' title='bbox 719 2083 819 2140; x_wconf 88' lang='lat' dir='ltr'>Perire</span> <span class='ocrx_word' id='word_1_179' title='bbox 832 2083 947 2157; x_wconf 90' lang='lat' dir='ltr'>quidem</span> <span class='ocrx_word' id='word_1_180' title='bbox 958 2095 1093 2157; x_wconf 84' lang='lat' dir='ltr'>coeperat,</span> 
     </span>
    </p>
   </div>
   <div class='ocr_carea' id='block_1_4' title="bbox 60 2159 1094 2310">
    <p class='ocr_par' dir='ltr' id='par_1_4' title="bbox 60 2159 1094 2310">
     <span class='ocr_line' id='line_1_24' title="bbox 60 2159 1094 2235; baseline 0.001 -20"><span class='ocrx_word' id='word_1_181' title='bbox 60 2177 144 2215; x_wconf 89' lang='lat' dir='ltr'>nunc</span> <span class='ocrx_word' id='word_1_182' title='bbox 158 2163 228 2215; x_wconf 81' lang='lat' dir='ltr'>vero</span> <span class='ocrx_word' id='word_1_183' title='bbox 240 2161 327 2235; x_wconf 67' lang='lat' dir='ltr'>propi</span> <span class='ocrx_word' id='word_1_184' title='bbox 348 2160 475 2216; x_wconf 90' lang='lat' dir='ltr'>funditus</span> <span class='ocrx_word' id='word_1_185' title='bbox 494 2161 652 2216; x_wconf 88' lang='lat' dir='ltr'>extinctum</span> <span class='ocrx_word' id='word_1_186' title='bbox 665 2170 695 2217; x_wconf 88' lang='lat' dir='ltr'>et</span> <span class='ocrx_word' id='word_1_187' title='bbox 715 2179 848 2217; x_wconf 80' lang='lat' dir='ltr'>eversum</span> <span class='ocrx_word' id='word_1_188' title='bbox 868 2169 922 2217; x_wconf 90' lang='lat' dir='ltr'>est.</span> <span class='ocrx_word' id='word_1_189' title='bbox 964 2159 1041 2216; x_wconf 88' lang='lat' dir='ltr'>Nam</span> <span class='ocrx_word' id='word_1_190' title='bbox 1066 2160 1094 2216; x_wconf 84' lang='lat' dir='ltr'>si</span> 
     </span>
     <span class='ocr_line' id='line_1_25' title="bbox 60 2234 1093 2310; baseline 0.001 -20"><span class='ocrx_word' id='word_1_191' title='bbox 60 2254 175 2310; x_wconf 90' lang='lat' dir='ltr'>paucos</span> <span class='ocrx_word' id='word_1_192' title='bbox 193 2238 355 2309; x_wconf 83' lang='lat' dir='ltr'>exceperis,</span> <span class='ocrx_word' id='word_1_193' title='bbox 369 2253 442 2307; x_wconf 88' lang='lat' dir='ltr'>quos</span> <span class='ocrx_word' id='word_1_194' title='bbox 459 2237 579 2290; x_wconf 84' lang='lat' dir='ltr'>excelsa</span> <span class='ocrx_word' id='word_1_195' title='bbox 591 2253 675 2291; x_wconf 89' lang='lat' dir='ltr'>mens</span> <span class='ocrx_word' id='word_1_196' title='bbox 689 2254 708 2290; x_wconf 89' lang='lat' dir='ltr'>a</span> <span class='ocrx_word' id='word_1_197' title='bbox 719 2236 884 2297; x_wconf 68' lang='lat' dir='ltr'>liberalibus</span> <span class='ocrx_word' id='word_1_198' title='bbox 906 2234 1093 2309; x_wconf 86' lang='lat' dir='ltr'>honestisque</span> 
     </span>
    </p>
   </div>
   <div class='ocr_carea' id='block_1_5' title="bbox 59 2312 1095 3824">
    <p class='ocr_par' dir='ltr' id='par_1_5' title="bbox 59 2312 1094 3007">
     <span class='ocr_line' id='line_1_26' title="bbox 61 2312 1093 2386; baseline 0 -17"><span class='ocrx_word' id='word_1_199' title='bbox 61 2312 170 2373; x_wconf 83' lang='lat' dir='ltr'>studiis</span> <span class='ocrx_word' id='word_1_200' title='bbox 184 2312 310 2370; x_wconf 89' lang='lat' dir='ltr'>nondum</span> <span class='ocrx_word' id='word_1_201' title='bbox 323 2313 450 2382; x_wconf 85' lang='lat' dir='ltr'>retraxit,</span> <span class='ocrx_word' id='word_1_202' title='bbox 464 2324 578 2369; x_wconf 87' lang='lat' dir='ltr'>ceteros</span> <span class='ocrx_word' id='word_1_203' title='bbox 592 2325 694 2370; x_wconf 83' lang='lat' dir='ltr'>omnes</span> <span class='ocrx_word' id='word_1_204' title='bbox 707 2322 863 2386; x_wconf 83' lang='lat' dir='ltr'>sequuntur</span> <span class='ocrx_word' id='word_1_205' title='bbox 876 2312 1031 2382; x_wconf 84' lang='lat' dir='ltr'>auditores,</span> <span class='ocrx_word' id='word_1_206' title='bbox 1044 2331 1093 2369; x_wconf 91' lang='lat' dir='ltr'>ac·</span> 
     </span>
     <span class='ocr_line' id='line_1_27' title="bbox 60 2390 1093 2468; baseline 0 -19"><span class='ocrx_word' id='word_1_207' title='bbox 60 2391 174 2449; x_wconf 87' lang='lat' dir='ltr'>toribus</span> <span class='ocrx_word' id='word_1_208' title='bbox 188 2391 309 2462; x_wconf 87' lang='lat' dir='ltr'>similes,</span> <span class='ocrx_word' id='word_1_209' title='bbox 323 2391 457 2449; x_wconf 86' lang='lat' dir='ltr'>conducti</span> <span class='ocrx_word' id='word_1_210' title='bbox 476 2403 505 2448; x_wconf 84' lang='lat' dir='ltr'>et</span> <span class='ocrx_word' id='word_1_211' title='bbox 518 2390 658 2467; x_wconf 89' lang='lat' dir='ltr'>redempti</span> <span class='ocrx_word' id='word_1_212' title='bbox 672 2391 829 2468; x_wconf 89' lang='lat' dir='ltr'>mancipes.</span> <span class='ocrx_word' id='word_1_213' title='bbox 869 2391 1050 2463; x_wconf 76' lang='lat' dir='ltr'>¹Convenitur</span> <span class='ocrx_word' id='word_1_214' title='bbox 1061 2390 1093 2449; x_wconf 88' lang='lat' dir='ltr'>in</span> 
     </span>
     <span class='ocr_line' id='line_1_28' title="bbox 61 2469 1093 2547; baseline 0 -18"><span class='ocrx_word' id='word_1_215' title='bbox 61 2469 162 2529; x_wconf 67' lang='lat' dir='ltr'>medie</span> <span class='ocrx_word' id='word_1_216' title='bbox 175 2471 305 2541; x_wconf 71' lang='lat' dir='ltr'>basilica,</span> <span class='ocrx_word' id='word_1_217' title='bbox 314 2471 363 2528; x_wconf 91' lang='lat' dir='ltr'>ubi</span> <span class='ocrx_word' id='word_1_218' title='bbox 373 2481 431 2528; x_wconf 88' lang='lat' dir='ltr'>tam</span> <span class='ocrx_word' id='word_1_219' title='bbox 444 2471 539 2547; x_wconf 74' lang='lat' dir='ltr'>palam</span> <span class='ocrx_word' id='word_1_220' title='bbox 549 2470 691 2546; x_wconf 76' lang='lat' dir='ltr'>sportula,</span> <span class='ocrx_word' id='word_1_221' title='bbox 704 2469 788 2544; x_wconf 73' lang='lat' dir='ltr'>quim</span> <span class='ocrx_word' id='word_1_222' title='bbox 801 2471 831 2528; x_wconf 92' lang='lat' dir='ltr'>in</span> <span class='ocrx_word' id='word_1_223' title='bbox 845 2469 972 2527; x_wconf 90' lang='lat' dir='ltr'>triclinio</span> <span class='ocrx_word' id='word_1_224' title='bbox 982 2469 1093 2529; x_wconf 81' lang='lat' dir='ltr'>dsntrrr.</span> 
     </span>
     <span class='ocr_line' id='line_1_29' title="bbox 63 2548 1092 2627; baseline -0.001 -19"><span class='ocrx_word' id='word_1_225' title='bbox 63 2549 117 2608; x_wconf 86' lang='lat' dir='ltr'>Ex</span> <span class='ocrx_word' id='word_1_226' title='bbox 127 2548 236 2626; x_wconf 88' lang='lat' dir='ltr'>judicio</span> <span class='ocrx_word' id='word_1_227' title='bbox 246 2551 276 2607; x_wconf 92' lang='lat' dir='ltr'>in</span> <span class='ocrx_word' id='word_1_228' title='bbox 289 2550 430 2627; x_wconf 82' lang='lat' dir='ltr'>judicium</span> <span class='ocrx_word' id='word_1_229' title='bbox 443 2550 505 2626; x_wconf 88' lang='lat' dir='ltr'>pari</span> <span class='ocrx_word' id='word_1_230' title='bbox 518 2549 652 2607; x_wconf 88' lang='lat' dir='ltr'>mercede</span> <span class='ocrx_word' id='word_1_231' title='bbox 666 2549 809 2608; x_wconf 86' lang='lat' dir='ltr'>transitur.</span> <span class='ocrx_word' id='word_1_232' title='bbox 852 2549 956 2608; x_wconf 70' lang='lat' dir='ltr'>Gracc</span> <span class='ocrx_word' id='word_1_233' title='bbox 975 2548 1092 2623; x_wconf 90' lang='lat' dir='ltr'>quidem</span> 
     </span>
     <span class='ocr_line' id='line_1_30' title="bbox 64 2628 1094 2706; baseline 0 -19"><span class='ocrx_word' id='word_1_234' title='bbox 64 2628 227 2704; x_wconf 69' lang='lat' dir='ltr'>Latineque</span> <span class='ocrx_word' id='word_1_235' title='bbox 249 2630 348 2706; x_wconf 75' lang='lat' dir='ltr'>lingua</span> <span class='ocrx_word' id='word_1_236' title='bbox 369 2640 476 2687; x_wconf 86' lang='lat' dir='ltr'>tantam</span> <span class='ocrx_word' id='word_1_237' title='bbox 499 2628 657 2687; x_wconf 71' lang='lat' dir='ltr'>feditatem</span> <span class='ocrx_word' id='word_1_238' title='bbox 674 2629 853 2699; x_wconf 68' lang='lat' dir='ltr'>notavimus}</span> <span class='ocrx_word' id='word_1_239' title='bbox 874 2640 912 2698; x_wconf 90' lang='lat' dir='ltr'>et,</span> <span class='ocrx_word' id='word_1_240' title='bbox 932 2629 969 2687; x_wconf 87' lang='lat' dir='ltr'>ob</span> <span class='ocrx_word' id='word_1_241' title='bbox 988 2646 1094 2687; x_wconf 82' lang='lat' dir='ltr'>noram</span> 
     </span>
     <span class='ocr_line' id='line_1_31' title="bbox 62 2707 1094 2786; baseline 0.001 -19"><span class='ocrx_word' id='word_1_242' title='bbox 62 2707 223 2779; x_wconf 84' lang='lat' dir='ltr'>infamiam,</span> <span class='ocrx_word' id='word_1_243' title='bbox 235 2710 319 2767; x_wconf 86' lang='lat' dir='ltr'>novis</span> <span class='ocrx_word' id='word_1_244' title='bbox 333 2710 504 2786; x_wconf 84' lang='lat' dir='ltr'>excogitatis</span> <span class='ocrx_word' id='word_1_245' title='bbox 524 2708 686 2767; x_wconf 87' lang='lat' dir='ltr'>nominibus</span> <span class='ocrx_word' id='word_1_246' title='bbox 701 2711 836 2785; x_wconf 73' lang='grc' dir='ltr'><strong><em>σοφοκλεῖς</em></strong></span> <span class='ocrx_word' id='word_1_247' title='bbox 848 2708 914 2768; x_wconf 88' lang='lat' dir='ltr'>illos</span> <span class='ocrx_word' id='word_1_248' title='bbox 929 2719 958 2767; x_wconf 85' lang='lat' dir='ltr'>et</span> <span class='ocrx_word' id='word_1_249' title='bbox 972 2708 1094 2768; x_wconf 62' lang='lat' dir='ltr'>budice-</span> 
     </span>
     <span class='ocr_line' id='line_1_32' title="bbox 61 2786 1093 2867; baseline 0 -20"><span class='ocrx_word' id='word_1_250' title='bbox 61 2808 119 2847; x_wconf 78' lang='lat' dir='ltr'>aos</span> <span class='ocrx_word' id='word_1_251' title='bbox 132 2789 282 2847; x_wconf 77' lang='lat' dir='ltr'>irrisimus.</span> <span class='ocrx_word' id='word_1_252' title='bbox 323 2789 436 2854; x_wconf 82' lang='lat' dir='ltr'>Quibus</span> <span class='ocrx_word' id='word_1_253' title='bbox 457 2800 553 2847; x_wconf 86' lang='lat' dir='ltr'>tamen</span> <span class='ocrx_word' id='word_1_254' title='bbox 571 2789 747 2867; x_wconf 78' lang='lat' dir='ltr'>joardaribus</span> <span class='ocrx_word' id='word_1_255' title='bbox 769 2786 898 2849; x_wconf 83' lang='lat' dir='ltr'>dicteriis</span> <span class='ocrx_word' id='word_1_256' title='bbox 921 2789 1021 2847; x_wconf 73' lang='lat' dir='ltr'>riuum</span> <span class='ocrx_word' id='word_1_257' title='bbox 1033 2806 1093 2847; x_wconf 90' lang='lat' dir='ltr'>nou</span> 
     </span>
     <span class='ocr_line' id='line_1_33' title="bbox 59 2868 1090 3005; baseline -0.001 -79"><span class='ocrx_word' id='word_1_258' title='bbox 59 2868 230 3005; x_wconf 54' lang='lat' dir='ltr'>susffiffips</span> <span class='ocrx_word' id='word_1_259' title='bbox 240 2890 248 2939; x_wconf 87' lang='lat'>;</span> <span class='ocrx_word' id='word_1_260' title='bbox 259 2869 331 2939; x_wconf 77' lang='lat' dir='ltr'>sed,</span> <span class='ocrx_word' id='word_1_261' title='bbox 345 2868 422 2944; x_wconf 89' lang='lat' dir='ltr'>quod</span> <span class='ocrx_word' id='word_1_262' title='bbox 433 2869 520 2946; x_wconf 83' lang='lat' dir='ltr'>vulgb</span> <span class='ocrx_word' id='word_1_263' title='bbox 530 2870 677 2947; x_wconf 78' lang='lat' dir='ltr'>emungit,</span> <span class='ocrx_word' id='word_1_264' title='bbox 691 2869 888 2928; x_wconf 86' lang='lat' dir='ltr'>celebritatem</span> <span class='ocrx_word' id='word_1_265' title='bbox 900 2868 1090 2943; x_wconf 82' lang='lat' dir='ltr'>fiduciamque</span> 
     </span>
     <span class='ocr_line' id='line_1_34' title="bbox 64 2966 1040 3007; baseline -0.002 0"><span class='ocrx_word' id='word_1_266' title='bbox 64 2966 95 3007; x_wconf 86' lang='lat' dir='ltr'>et</span> <span class='ocrx_word' id='word_1_267' title='bbox 208 2967 280 3007; x_wconf 87' lang='lat' dir='ltr'>mus.</span> <span class='ocrx_word' id='word_1_268' title='bbox 1037 2984 1040 2985; x_wconf 27' lang='grc' dir='ltr'><em>ν</em></span> 
     </span>
    </p>

    <p class='ocr_par' dir='ltr' id='par_1_6' title="bbox 63 3023 1095 3824">
     <span class='ocr_line' id='line_1_35' title="bbox 106 3023 1093 3101; baseline -0.003 -16"><span class='ocrx_word' id='word_1_269' title='bbox 106 3030 136 3085; x_wconf 84' lang='grc'>9.</span> <span class='ocrx_word' id='word_1_270' title='bbox 157 3027 228 3086; x_wconf 90' lang='lat' dir='ltr'>Inde</span> <span class='ocrx_word' id='word_1_271' title='bbox 243 3027 350 3086; x_wconf 88' lang='lat' dir='ltr'>crescit</span> <span class='ocrx_word' id='word_1_272' title='bbox 362 3027 393 3085; x_wconf 86' lang='lat' dir='ltr'>in</span> <span class='ocrx_word' id='word_1_273' title='bbox 406 3027 471 3085; x_wconf 90' lang='lat' dir='ltr'>dies</span> <span class='ocrx_word' id='word_1_274' title='bbox 478 3026 650 3101; x_wconf 85' lang='lat' dir='ltr'>indignitas,</span> <span class='ocrx_word' id='word_1_275' title='bbox 668 3044 723 3083; x_wconf 87' lang='lat' dir='ltr'>nec</span> <span class='ocrx_word' id='word_1_276' title='bbox 738 3025 845 3083; x_wconf 79' lang='lat' dir='ltr'>tanturn</span> <span class='ocrx_word' id='word_1_277' title='bbox 858 3024 987 3101; x_wconf 88' lang='lat' dir='ltr'>ingenui,</span> <span class='ocrx_word' id='word_1_278' title='bbox 997 3023 1050 3082; x_wconf 89' lang='lat' dir='ltr'>sed</span> <span class='ocrx_word' id='word_1_279' title='bbox 1063 3034 1093 3082; x_wconf 89' lang='lat' dir='ltr'>et</span> 
     </span>
     <span class='ocr_line' id='line_1_36' title="bbox 63 3103 1094 3184; baseline -0.002 -19"><span class='ocrx_word' id='word_1_280' title='bbox 63 3107 154 3177; x_wconf 80' lang='lat' dir='ltr'>servi,</span> <span class='ocrx_word' id='word_1_281' title='bbox 168 3107 219 3165; x_wconf 75' lang='lat' dir='ltr'>rix</span> <span class='ocrx_word' id='word_1_282' title='bbox 232 3107 383 3184; x_wconf 88' lang='lat' dir='ltr'>pueritiam</span> <span class='ocrx_word' id='word_1_283' title='bbox 393 3106 515 3183; x_wconf 85' lang='lat' dir='ltr'>egressi,</span> <span class='ocrx_word' id='word_1_284' title='bbox 529 3104 565 3162; x_wconf 91' lang='lat' dir='ltr'>ad</span> <span class='ocrx_word' id='word_1_285' title='bbox 575 3104 747 3163; x_wconf 88' lang='lat' dir='ltr'>laudandum</span> <span class='ocrx_word' id='word_1_286' title='bbox 754 3103 919 3163; x_wconf 81' lang='lat' dir='ltr'>trahuntur:</span> <span class='ocrx_word' id='word_1_287' title='bbox 941 3122 996 3163; x_wconf 89' lang='lat' dir='ltr'>nec</span> <span class='ocrx_word' id='word_1_288' title='bbox 1010 3103 1094 3163; x_wconf 86' lang='lat' dir='ltr'>intel·</span> 
     </span>
     <span class='ocr_line' id='line_1_37' title="bbox 63 3183 1092 3264; baseline -0.002 -19"><span class='ocrx_word' id='word_1_289' title='bbox 63 3187 201 3264; x_wconf 82' lang='lat' dir='ltr'>ligantes,</span> <span class='ocrx_word' id='word_1_290' title='bbox 220 3197 268 3245; x_wconf 89' lang='lat' dir='ltr'>aut</span> <span class='ocrx_word' id='word_1_291' title='bbox 285 3186 512 3263; x_wconf 79' lang='lat' dir='ltr'>intelligentibus</span> <span class='ocrx_word' id='word_1_292' title='bbox 525 3185 647 3250; x_wconf 80' lang='lat' dir='ltr'>similes.</span> <span class='ocrx_word' id='word_1_293' title='bbox 661 3184 715 3242; x_wconf 84' lang='lat' dir='ltr'>sed</span> <span class='ocrx_word' id='word_1_294' title='bbox 736 3203 773 3242; x_wconf 90' lang='lat' dir='ltr'>ne</span> <span class='ocrx_word' id='word_1_295' title='bbox 794 3183 944 3242; x_wconf 86' lang='lat' dir='ltr'>audientes</span> <span class='ocrx_word' id='word_1_296' title='bbox 966 3184 1092 3260; x_wconf 86' lang='lat' dir='ltr'>quidem,</span> 
     </span>
     <span class='ocr_line' id='line_1_38' title="bbox 63 3263 1093 3345; baseline 0 -19"><span class='ocrx_word' id='word_1_297' title='bbox 63 3266 191 3326; x_wconf 76' lang='lat' dir='ltr'>manne</span> <span class='ocrx_word' id='word_1_298' title='bbox 206 3267 309 3342; x_wconf 86' lang='lat' dir='ltr'>siquis</span> <span class='ocrx_word' id='word_1_299' title='bbox 323 3265 565 3343; x_wconf 88' lang='lat' dir='ltr'>imperitissimus,</span> <span class='ocrx_word' id='word_1_300' title='bbox 579 3264 702 3339; x_wconf 88' lang='lat' dir='ltr'>ideoque</span> <span class='ocrx_word' id='word_1_301' title='bbox 719 3263 836 3323; x_wconf 87' lang='lat' dir='ltr'>laudum</span> <span class='ocrx_word' id='word_1_302' title='bbox 854 3264 1037 3325; x_wconf 82' lang='lat' dir='ltr'>avidissimus</span> <span class='ocrx_word' id='word_1_303' title='bbox 1047 3267 1093 3345; x_wconf 89' lang='lat' dir='ltr'>ju·</span> 
     </span>
     <span class='ocr_line' id='line_1_39' title="bbox 64 3344 1094 3423; baseline 0.001 -19"><span class='ocrx_word' id='word_1_304' title='bbox 64 3344 152 3404; x_wconf 83' lang='lat' dir='ltr'>venis</span> <span class='ocrx_word' id='word_1_305' title='bbox 164 3345 203 3403; x_wconf 88' lang='lat' dir='ltr'>ad</span> <span class='ocrx_word' id='word_1_306' title='bbox 214 3345 369 3405; x_wconf 53' lang='lat' dir='ltr'>&amp;endum</span> <span class='ocrx_word' id='word_1_307' title='bbox 382 3346 551 3415; x_wconf 86' lang='lat' dir='ltr'>accesserit,</span> <span class='ocrx_word' id='word_1_308' title='bbox 564 3345 701 3403; x_wconf 83' lang='lat' dir='ltr'>basilicas</span> <span class='ocrx_word' id='word_1_309' title='bbox 717 3344 836 3423; x_wconf 87' lang='lat' dir='ltr'>implent</span> <span class='ocrx_word' id='word_1_310' title='bbox 849 3345 1031 3418; x_wconf 84' lang='lat' dir='ltr'>clamoribus,</span> <span class='ocrx_word' id='word_1_311' title='bbox 1045 3357 1094 3405; x_wconf 88' lang='lat' dir='ltr'>aut</span> 
     </span>
     <span class='ocr_line' id='line_1_40' title="bbox 63 3425 1093 3504; baseline 0.001 -21"><span class='ocrx_word' id='word_1_312' title='bbox 63 3425 161 3504; x_wconf 75' lang='lat' dir='ltr'>potitis</span> <span class='ocrx_word' id='word_1_313' title='bbox 182 3426 344 3484; x_wconf 83' lang='lat' dir='ltr'>ululatibus.</span> <span class='ocrx_word' id='word_1_314' title='bbox 387 3425 490 3501; x_wconf 90' lang='lat' dir='ltr'>Neque</span> <span class='ocrx_word' id='word_1_315' title='bbox 511 3426 590 3483; x_wconf 85' lang='lat' dir='ltr'>enirn</span> <span class='ocrx_word' id='word_1_316' title='bbox 611 3425 669 3484; x_wconf 86' lang='lat' dir='ltr'>alio</span> <span class='ocrx_word' id='word_1_317' title='bbox 688 3425 829 3484; x_wconf 81' lang='lat' dir='ltr'>vocabulo</span> <span class='ocrx_word' id='word_1_318' title='bbox 853 3436 949 3503; x_wconf 88' lang='lat' dir='ltr'>potest</span> <span class='ocrx_word' id='word_1_319' title='bbox 970 3426 1093 3502; x_wconf 82' lang='lat' dir='ltr'>exprimi</span> 
     </span>
     <span class='ocr_line' id='line_1_41' title="bbox 64 3503 1094 3582; baseline -0.003 -19"><span class='ocrx_word' id='word_1_320' title='bbox 64 3504 187 3563; x_wconf 86' lang='lat' dir='ltr'>theatris</span> <span class='ocrx_word' id='word_1_321' title='bbox 199 3524 311 3582; x_wconf 89' lang='lat' dir='ltr'>quoque</span> <span class='ocrx_word' id='word_1_322' title='bbox 325 3504 461 3563; x_wconf 88' lang='lat' dir='ltr'>indecora</span> <span class='ocrx_word' id='word_1_323' title='bbox 473 3505 608 3563; x_wconf 81' lang='lat' dir='ltr'>laudatio.</span> <span class='ocrx_word' id='word_1_324' title='bbox 649 3505 723 3574; x_wconf 78' lang='lat' dir='ltr'>Qua</span> <span class='ocrx_word' id='word_1_325' title='bbox 743 3505 809 3563; x_wconf 81' lang='lat' dir='ltr'>cum</span> <span class='ocrx_word' id='word_1_326' title='bbox 822 3516 922 3582; x_wconf 89' lang='lat' dir='ltr'>reputo</span> <span class='ocrx_word' id='word_1_327' title='bbox 935 3505 989 3562; x_wconf 86' lang='lat' dir='ltr'>sori</span> <span class='ocrx_word' id='word_1_328' title='bbox 1002 3503 1094 3561; x_wconf 89' lang='lat' dir='ltr'>nostri</span> 
     </span>
     <span class='ocr_line' id='line_1_42' title="bbox 64 3582 1095 3663; baseline -0.005 -21"><span class='ocrx_word' id='word_1_329' title='bbox 64 3585 214 3663; x_wconf 89' lang='lat' dir='ltr'>propudia,</span> <span class='ocrx_word' id='word_1_330' title='bbox 225 3584 304 3643; x_wconf 88' lang='lat' dir='ltr'>baud</span> <span class='ocrx_word' id='word_1_331' title='bbox 313 3585 408 3655; x_wconf 87' lang='lat' dir='ltr'>miror,</span> <span class='ocrx_word' id='word_1_332' title='bbox 417 3586 559 3656; x_wconf 87' lang='lat' dir='ltr'>Materne,</span> <span class='ocrx_word' id='word_1_333' title='bbox 567 3596 596 3642; x_wconf 89' lang='lat' dir='ltr'>te</span> <span class='ocrx_word' id='word_1_334' title='bbox 607 3585 668 3662; x_wconf 83' lang='lat' dir='ltr'>jam</span> <span class='ocrx_word' id='word_1_335' title='bbox 677 3585 789 3643; x_wconf 85' lang='lat' dir='ltr'>dudum</span> <span class='ocrx_word' id='word_1_336' title='bbox 796 3583 926 3659; x_wconf 87' lang='lat' dir='ltr'>receptui</span> <span class='ocrx_word' id='word_1_337' title='bbox 936 3582 1095 3650; x_wconf 86' lang='lat' dir='ltr'>cecinisse,</span> 
     </span>
     <span class='ocr_line' id='line_1_43' title="bbox 66 3657 1094 3742; baseline -0.013 -18"><span class='ocrx_word' id='word_1_338' title='bbox 66 3676 107 3733; x_wconf 88' lang='lat' dir='ltr'>et,</span> <span class='ocrx_word' id='word_1_339' title='bbox 117 3664 182 3721; x_wconf 79' lang='lat' dir='ltr'>utini</span> <span class='ocrx_word' id='word_1_340' title='bbox 195 3665 313 3742; x_wconf 89' lang='lat' dir='ltr'>perierit</span> <span class='ocrx_word' id='word_1_341' title='bbox 326 3665 450 3723; x_wconf 89' lang='lat' dir='ltr'>forensis</span> <span class='ocrx_word' id='word_1_342' title='bbox 464 3665 600 3740; x_wconf 67' lang='lat' dir='ltr'>gloriata</span> <span class='ocrx_word' id='word_1_343' title='bbox 615 3664 711 3721; x_wconf 88' lang='lat' dir='ltr'>Musis</span> <span class='ocrx_word' id='word_1_344' title='bbox 725 3670 851 3719; x_wconf 88' lang='lat' dir='ltr'>totumte</span> <span class='ocrx_word' id='word_1_345' title='bbox 860 3659 1017 3716; x_wconf 83' lang='lat' dir='ltr'>addixisse.</span> <span class='ocrx_word' id='word_1_346' title='bbox 1058 3657 1094 3712; x_wconf 86' lang='lat' dir='ltr'>Id</span> 
     </span>
     <span class='ocr_line' id='line_1_44' title="bbox 66 3730 1095 3824; baseline -0.009 -18"><span class='ocrx_word' id='word_1_347' title='bbox 66 3761 157 3806; x_wconf 86' lang='lat' dir='ltr'>unam</span> <span class='ocrx_word' id='word_1_348' title='bbox 169 3761 229 3816; x_wconf 83' lang='lat' dir='ltr'>ore,</span> <span class='ocrx_word' id='word_1_349' title='bbox 238 3745 373 3824; x_wconf 83' lang='lat' dir='ltr'>quonian</span> <span class='ocrx_word' id='word_1_350' title='bbox 385 3753 490 3805; x_wconf 82' lang='lat' dir='ltr'>nostra</span> <span class='ocrx_word' id='word_1_351' title='bbox 504 3741 698 3822; x_wconf 76' lang='lat' dir='ltr'>dispuutioni,</span> <span class='ocrx_word' id='word_1_352' title='bbox 707 3740 743 3797; x_wconf 80' lang='lat' dir='ltr'>de</span> <span class='ocrx_word' id='word_1_353' title='bbox 758 3737 855 3799; x_wconf 80' lang='lat' dir='ltr'>causis</span> <span class='ocrx_word' id='word_1_354' title='bbox 870 3743 1008 3811; x_wconf 75' lang='lat' dir='ltr'>corrupta</span> <span class='ocrx_word' id='word_1_355' title='bbox 1018 3730 1095 3810; x_wconf 77' lang='lat' dir='ltr'>apud</span> 
     </span>
    </p>
   </div>
   <div class='ocr_carea' id='block_1_6' title="bbox 0 0 1200 4050">
    <p class='ocr_par' dir='ltr' id='par_1_7' title="bbox 0 0 1200 4050">
     <span class='ocr_line' id='line_1_45' title="bbox 0 0 1200 4050; baseline 0 0"><span class='ocrx_word' id='word_1_356' title='bbox 0 0 1200 4050; x_wconf 95' lang='lat' dir='ltr'> </span> 
     </span>
    </p>
   </div>
  </div>
 </body>
</html>
