2392 4050
98 151 166 221 att
461 148 498 216 0.
515 149 628 216 Coos.
643 144 782 214 'l'rcrrr

60 387 69 406 ,
100 323 192 389 urbis
206 321 383 389 unumne
396 320 535 408 regebat,
549 315 728 386 admodum
746 317 869 401 jurene
884 315 1085 401 Domitiano,
1098 329 1128 384 et

101 427 146 474 ex
158 407 293 493 paterni
305 406 436 473 sonunt
450 406 574 470 tantiam
589 405 758 469 licentiam
775 416 967 486 usurpante.
1012 405 1045 468 Is
1058 407 1128 469 mis-

102 512 178 560 m
191 492 234 557 ad
246 491 391 558 delectus
411 490 555 578 mundos
573 490 771 575 Agricolam,
794 488 829 552 in
902 492 988 573 eque
1002 510 1042 554 ac
1054 500 1126 553 stre-

102 579 172 646 nub
185 588 359 658 nmmum,
384 576 550 641 vicesimae
571 574 705 661 legioni,
726 573 818 638 tude
888 585 1126 638 sacramentum

102 673 323 750 umsgressoe,
341 661 523 746 praeposuit,
541 659 600 724 ubi
614 658 763 724 decessor
782 657 934 723 serliuose
949 678 1047 744 agere
1060 678 1125 723 nar-

104 748 255 814 rabatur:
277 747 396 830 quippe
418 743 553 832 legatis
569 762 699 828 quoqne
720 744 956 808 Consularibus
977 743 1078 822 nimia
1090 762 1124 807 ae

104 830 397 898 lormidoloraerat.
438 830 509 895 Neo
518 829 660 916 [egatus
671 828 1124 895 Pretoriusadcolribendom

104 927 228 1000 potens,
248 918 418 993 incertum,
441 932 502 978 suo
517 931 560 977 an
573 913 716 978 militum
728 912 881 1000 ingenio:
903 915 950 977 ita
963 932 1124 978 successor

104 1001 214 1082 simul,
237 1012 270 1065 et
296 1002 383 1065 ulter
410 1000 542 1080 electus,
566 997 730 1061 rarmsimi
758 998 989 1080 moderatione,
1018 997 1124 1062 maluit

101 1082 206 1149 rideri
220 1084 384 1149 invenisse
398 1085 510 1164 bonos,
524 1088 626 1166 quum
638 1082 761 1146 fecisse.

146 1169 237 1235 VIII.
260 1170 403 1234 Praeerat
419 1178 501 1233 tuno
519 1165 699 1231 Britanniae
714 1166 840 1231 Vettius
854 1167 1013 1248 Bolanus,
1035 1166 1124 1250 placi·

104 1251 185 1334 dits,
206 1260 307 1339 quam
320 1252 418 1318 feroci
439 1250 609 1335 provincii
623 1250 761 1338 dignum
773 1261 840 1316 cst:
861 1251 1056 1334 temperavit
1068 1253 1126 1337 Ag-

105 1337 209 1402 ricola
222 1338 292 1402 vim
305 1356 407 1418 mam,
419 1336 631 1418 ardoremque
645 1337 851 1418 compescuit,
865 1355 906 1399 ne
919 1337 1125 1416 incresceret}

103 1411 226 1502 peritus
260 1421 403 1505 obsequi,
438 1419 649 1503 eruditusque
676 1420 772 1485 utilia
806 1420 952 1484 honestis
988 1421 1124 1484 miseere

102 1504 201 1570 Brevi
222 1504 338 1570 deinde
364 1504 534 1570 Britannia
555 1505 770 1570 Consularem
794 1505 948 1570 Petilium
971 1506 1123 1569 Cerialem

104 1589 236 1673 occepit.
280 1590 475 1656 Habuerunt
488 1589 626 1653 virtutes
638 1589 782 1674 spatium
794 1592 1031 1673 exemplorum
1065 1587 1123 1654 sei

103 1673 210 1758 primo
225 1675 362 1740 Cerialis
387 1673 484 1738 modo
505 1675 631 1739 labores
649 1684 681 1738 et
701 1673 898 1753 mortuina,
924 1693 1005 1737 mox
1018 1683 1050 1737 et
1061 1674 1122 1757 glo

103 1758 188 1824 riam
198 1758 481 1825 communieabot:
502 1759 590 1842 saepe
603 1758 687 1842 parti
700 1758 867 1839 exercitlls,
882 1759 917 1822 in
929 1760 1120 1840 momen

104 1852 185 1923 tum,
211 1842 388 1928 aliquando
411 1842 587 1924 majoribus
613 1843 723 1926 copiis,
747 1862 790 1906 ex
813 1853 946 1922 eventu,
970 1839 1120 1924 prebuit:

105 1944 168 1994 nec
181 1929 336 2015 Agricola
357 1946 506 2010 uuquam
525 1927 560 1991 in
584 1946 679 1991 suam
693 1926 814 1991 sarnam
836 1927 936 2012 gestis
949 1924 1119 2003 exultauit,

105 2011 147 2076 ad
161 2022 327 2077 auctorem
339 2020 372 2076 et
385 2011 524 2092 Ducem,
544 2021 583 2076 ut
596 2011 749 2091 minister,
776 2008 939 2077 fortunam
953 2010 1118 2074 referebat:

103 2096 151 2161 ita
163 2095 283 2161 virtute
297 2096 333 2160 in
348 2097 563 2179 obsequendo,
585 2095 783 2160 verecundii
796 2097 831 2160 in
845 2094 1059 2180 praedicando,
1071 2112 1117 2157 ex·

106 2190 156 2244 tra
169 2179 336 2260 iuvidiam3
351 2198 412 2243 nee
426 2190 519 2244 extra
531 2180 679 2267 gloriam,
693 2189 769 2245 erat.

57 2274 85 2325 r
147 2264 208 2330 IX.
230 2263 458 2328 Revertentem
472 2266 513 2328 ab
526 2265 688 2350 legatione
702 2265 839 2350 legionis
853 2265 896 2329 D.
911 2263 1114 2346 Vespasianus

65 2348 68 2359 '
104 2349 190 2414 inter
214 2348 366 2432 patricios
392 2347 515 2426 aseivit,
539 2368 578 2411 ao
604 2348 719 2413 deinde
743 2347 918 2445 provincie
943 2344 1115 2431 Aquitania

102 2432 289 2518 preposuit,
304 2428 478 2515 splendide
492 2431 652 2512 inprimis
665 2433 839 2520 dignitatis,
853 2432 1115 2497 administratione

104 2537 142 2582 ac
156 2536 214 2614 epe
226 2515 430 2596 Consulatus,
445 2515 500 2579 cui
514 2514 700 2579 destinarat.
745 2516 889 2582 Credunt
902 2517 1055 2600 plerique,
1066 2512 1115 2578 mi·

103 2602 252 2666 litoribus
266 2598 407 2685 ingeniis
421 2597 631 2664 subtilitatem
644 2599 773 2683 deesse,
795 2602 874 2683 quia
887 2600 1056 2665 castrensis
1072 2598 1116 2678 ju·

101 2684 246 2750 ristlictio
259 2701 377 2746 secura
390 2693 423 2753 et
435 2683 589 2764 obtusior,
605 2702 644 2747 ae
658 2684 755 2766 plura
766 2704 866 2748 manu
881 2705 991 2781 agene
1005 2680 1116 2748 callidi·

70 2794 72 2799 ¹
102 2779 202 2835 tatem
226 2767 289 2832 lori
311 2784 380 2831 non
400 2776 558 2832 exerceat.
611 2766 764 2854 Agricola
785 2771 926 2832 naturali
948 2764 1116 2851 prudentii,

102 2853 252 2938 wamiis
266 2851 351 2915 inter
364 2859 499 2936 togatos,
515 2851 613 2917 facile
631 2852 783 2935 justeque
798 2853 920 2939 agebat.
966 2854 1040 2917 Jarn
1050 2849 1116 2914 reri

102 2949 246 3022 temporo
259 2955 412 3001 curarum
425 2937 715 3019 remissionumque
728 2936 852 3000 divisa:
876 2935 935 2999 ubi
948 2944 1116 3001 conventus

102 3042 142 3088 ac
159 3021 285 3106 judicia
298 3031 478 3105 poscerent,
494 3020 613 3107 gravis,
636 3020 790 3101 intentus,
811 3018 1114 3102 reseruassemus
1166 3062 1167 3093 ,

101 3106 304 3187 misericors3
326 3105 386 3169 ubi
399 3104 506 3171 officio
520 3104 729 3187 satisfactum,
752 3106 845 3169 nulla
857 3105 946 3167 ultra
966 3101 1115 3189 potestatis

101 3209 258 3278 persona:
280 3188 442 3254 tristitiam
455 3200 487 3253 et
501 3189 719 3275 arrogantiam
738 3200 770 3253 et
787 3189 958 3254 avaritiam
974 3196 1113 3253 exuerat:

101 3294 165 3341 noe
178 3275 236 3354 illi,
257 3273 347 3371 quod
359 3282 409 3335 est
429 3273 639 3353 rarissimum,
662 3284 720 3338 aut
740 3273 879 3337 facilitas
898 3275 1113 3348 auctoritatem,

102 3369 161 3423 aut
174 3367 328 3421 serentes
342 3375 495 3436 amorem,
517 3357 688 3422 deminuit.
732 3358 954 3444 Integritatem
968 3367 1060 3442 atquc
1073 3355 1115 3420 ab

102 3440 290 3505 minenmm
302 3439 338 3500 in
360 3449 449 3501 tanto
468 3440 539 3504 viro
558 3442 685 3522 referre,
708 3441 829 3523 injuria
847 3443 1008 3507 virtutum
1021 3439 1113 3506 luent

101 3524 153 3587 Ne
167 3523 288 3584 samum
301 3519 442 3601 quidem,
457 3523 513 3585 cui
526 3524 623 3588 etiarn
636 3528 723 3608 saepe
736 3522 819 3590 boni
829 3526 1010 3611 indulgeat,
1023 3535 1113 3589 osteo

99 3603 199 3669 tundi
212 3604 340 3684 viane,
362 3613 420 3677 tut
433 3622 491 3689 par
505 3617 607 3674 artem
621 3611 789 3694 quesivit:
812 3613 926 3696 procul
941 3610 983 3676 ab
997 3609 1112 3677 enula
1164 3688 1165 3705 χ
