2392 4050
88 198 147 257 326
326 202 629 248 sonsa-nunooun
644 200 686 240 ort
700 201 858 241 onsroar.

88 356 134 404 hoc
145 357 230 414 putant
241 350 366 405 accidisse,
378 347 449 407 quod,
467 345 580 405 paulatim
599 355 711 390 sermone
726 341 813 388 Graeco
822 343 847 387 in
860 343 986 401 proximas
996 341 1060 387 Asia
1069 339 1099 386 ct-

89 444 178 490 vitates
189 442 313 493 influente,
324 453 371 483 non
383 437 441 482 satis
453 435 520 493 periti
531 432 642 490 loquendi
652 432 788 477 facundiam
806 431 988 490 concupierintz
1004 431 1100 486 ideoque

89 545 129 589 ea,
140 546 195 591 quae
207 530 298 590 proprie
310 527 397 583 signari
409 529 525 583 poterant,
544 521 646 567 circuitu
658 522 774 578 coeperint
786 521 925 575 enuntiare,
942 534 973 565 ac
984 520 1067 565 deinde
1077 518 1100 562 in

90 633 121 668 0⁰
130 619 314 680 perseverarint.
347 613 409 660 Mihi
420 620 499 658 autem
511 610 625 658 orationis
635 609 791 655 differentiam
803 610 892 655 secisse
904 615 929 653 et
937 609 1066 655 dicentium
1076 612 1100 652 et

90 707 237 756 audientium
249 715 339 751 nature
358 702 478 748 videnturr
494 698 557 756 quod
573 694 650 743 Atrei
666 697 741 742 limati
758 698 857 753 quidem
875 704 901 741 et
921 698 1027 741 emuncti
1045 694 1103 740 nihil
1188 747 1192 756 δ

90 797 163 844 inane
174 803 215 840 aut
228 794 362 840 redurulms
373 792 494 845 sereban13
510 788 606 833 Arima
615 800 676 843 gens
690 786 802 830 tumidior
814 786 906 842 alioqui
918 794 989 842 atque
995 786 1104 842 J'snctan·

90 885 145 940 tior,
155 896 255 929 vaniore
266 883 338 926 etiarn
349 878 441 924 dicendi
452 876 527 933 gloria
539 877 622 921 inflata
638 881 683 919 est.
718 872 826 918 Tertium
846 887 917 928 mox,
928 874 966 930 qui
982 874 1030 917 hec
1040 870 1101 916 divi·

92 972 189 1027 (lebam,
201 972 337 1027 adjecerunt
348 980 426 1024 genus
438 966 576 1016 Rhodium
586 956 655 1020 ‘quod
662 962 728 1007 velut
735 961 842 1008 medium
854 975 912 1006 esse
922 969 994 1017 atque
1001 975 1032 1005 ex
1041 967 1103 1004 utro-

92 1073 140 1120 que
150 1060 251 1105 mixtum
269 1057 359 1100 volunt.
393 1053 481 1110 Neque
493 1053 557 1097 enim
568 1048 647 1096 Attice
665 1049 751 1108 pressi,
768 1063 848 1105 neque
860 1048 952 1093 Aesone
967 1056 1018 1093 sunt
1029 1048 1101 1092 abuu-

93 1147 194 1202 dantes3
212 1153 237 1191 ut
255 1144 342 1202 aliquid
359 1143 449 1187 habere
464 1140 591 1187 videantur
608 1138 697 1195 gentis,
714 1137 803 1193 aliquid
821 1137 946 1181 auctoris.’
977 1134 1007 1181 Li
1023 1166 1030 1177 .
1048 1131 1102 1178 xli.

94 1236 161 1286 Sset.
174 1237 212 1282 10.

126 1324 192 1373 eeu.
211 1325 247 1370 19.
266 1323 342 1367 Prior
355 1321 397 1365 oo
404 1316 517 1375 populor]
549 1306 629 1359 Vetus
646 1313 736 1358 scilicet
747 1311 851 1369 pqaulus
864 1309 1004 1365 Romanus,
1014 1310 1056 1367 qul
1066 1310 1107 1355 lo-

94 1414 141 1461 mit
152 1412 207 1458 olim
220 1418 298 1456 stante
309 1408 387 1465 prisca
398 1404 520 1462 republica
528 1410 553 1447 et
564 1402 682 1446 libertate.

125 1498 192 1546 θεοῖ.
203 1500 242 1546 20.
277 1493 527 1552 Putavit-jarden]
560 1490 669 1548 Occupat
680 1497 704 1533 et
713 1487 828 1546 prtevenit
835 1486 915 1531 auimo
923 1484 1002 1542 judex
1009 1499 1043 1530 ea
1052 1498 1108 1542 qne

94 1589 200 1638 densos
211 1594 248 1633 est
259 1585 406 1638 causidicus,
416 1589 441 1627 et
452 1580 548 1634 fastidit,
560 1578 606 1624 uisi
616 1578 691 1623 nitore
707 1584 732 1622 et
744 1576 882 1621 amaenitate
894 1574 1009 1619 emtionis
1021 1573 1109 1618 retine-

95 1681 156 1723 atur.

132 1761 199 1809 Sect.
210 1762 251 1806 at.
283 1753 404 1828 [penula
423 1715 524 1809 edero]
558 1749 649 1796 Calvus
666 1748 755 1793 isthuc
774 1746 866 1804 spoken
878 1746 907 1790 of
917 1746 950 1803 hy
959 1744 1107 1798 Quintilian.

98 1850 198 1899 ‘Inveni
213 1850 254 1906 qui
275 1847 372 1892 casm
389 1843 527 1903 praeferrent
544 1838 671 1892 omnibus3
688 1835 771 1880 inveni
788 1835 829 1891 qui
846 1833 956 1877 (leeroni
972 1831 1107 1885 crederent,

97 1954 155 1989 eum
176 1939 250 1985 nimia
267 1944 349 1981 contra
366 1948 393 1979 se
410 1930 529 1976 calumnia
546 1940 626 1973 rerum
644 1925 787 1981 sanguinem
805 1922 950 1980 perdidisse:
967 1920 1010 1966 sed
1028 1926 1067 1963 eat
1081 1924 1126 1963 et.

98 2035 184 2076 sancta
194 2035 219 2073 et
230 2026 310 2084 gravis
321 2022 405 2073 oratio,
416 2028 441 2066 et
450 2018 578 2074 castigata,
588 2013 761 2071 &frequenter
771 2010 905 2056 vehemens
917 2022 1019 2066 qnoque.
1052 2005 1108 2051 Irni-

98 2124 161 2164 tator
176 2124 213 2162 est
232 2115 313 2160 autem
324 2113 473 2163 Atticorum3
489 2106 593 2162 lecitque
604 2103 644 2149 illa
662 2109 788 2161 properata
803 2114 869 2145 mors
888 2099 1008 2155 injuriam,
1019 2094 1107 2152 siquid

99 2205 246 2265 adjecturus,
257 2203 336 2249 nonai
356 2200 411 2257 quid
421 2198 571 2243 detracturus
582 2192 643 2238 tuit!
676 2189 730 2236 The
748 2203 816 2234 same
835 2189 920 2233 author
937 2188 993 2231 thus
1009 2185 1108 2229 clarac-

99 2296 188 2342 terizes
203 2294 296 2338 Caluo.
331 2290 450 2337 ‘Multum
460 2284 549 2342 ingenii
559 2282 584 2327 in
594 2280 679 2334 Coelio,
688 2286 713 2324 et
720 2277 839 2337 praecipue
850 2277 873 2321 in
886 2254 1022 2320 actzusando
1031 2271 1108 2317 multa

99 2384 231 2437 urbanitas,
248 2383 382 2438 dignusque
393 2377 437 2430 vir,
455 2375 494 2419 cui
514 2380 538 2417 ct
556 2383 627 2416 mens
637 2367 730 2422 melior,
748 2372 772 2411 et
783 2366 835 2410 vita
845 2365 937 2420 longior
951 2357 1109 2417 ‹ontigisset’

101 2473 191 2526 Cesar,
204 2484 232 2516 as
243 2484 273 2514 an
286 2476 373 2522 orator,
385 2468 415 2511 he
426 2463 547 2509 describes
558 2462 623 2505 thus.
658 2458 750 2502 ‘Galus
760 2468 818 2501 vero
830 2455 913 2499 Uoesor
925 2453 945 2497 si
956 2453 1006 2497 soro
1016 2456 1110 2494 tantum

100 2568 224 2614 vacasset,
237 2572 283 2603 non
296 2558 357 2602 alius
374 2569 406 2600 ex
423 2554 510 2598 nostris
527 2557 611 2595 contra
628 2532 769 2592 Ciceronem
787 2545 956 2589 nominaretur.
991 2539 1071 2584 Tanta
1085 2537 1110 2581 in

102 2649 181 2698 eovls
192 2655 238 2702 est,
249 2647 273 2690 id
285 2658 397 2698 acumen,
414 2655 446 2686 ea
462 2638 599 2692 concitatio,
616 2644 645 2680 ut
661 2636 726 2680 illum
744 2633 831 2678 eodem
849 2632 930 2676 animo
948 2628 1047 2681 dixisse,
1064 2637 1111 2683 quo

101 2735 208 2789 bellavit,
218 2738 339 2791 appareat.
373 2730 480 2774 Exornat
489 2737 570 2772 tamen
580 2726 631 2771 haec
641 2723 721 2769 omnia
732 2721 791 2767 mira
801 2719 928 2773 sermonis,
938 2716 1009 2774 cujus
1018 2713 1110 2774 propria

102 2824 224 2874 studiosus
234 2819 287 2872 suit,
298 2815 440 2873 elegantia-²
468 2813 502 2859 Os
515 2814 604 2858 Brutus
619 2813 650 2857 he
662 2824 732 2869 says:
749 2806 883 2863 ‘Egregius
900 2818 970 2858 vero,
980 2803 1109 2858 multoque,

102 2926 175 2973 quam
187 2912 210 2956 in
220 2907 364 2954 orationibus
375 2902 522 2962 praestantior
536 2900 638 2953 Brutus,
649 2897 743 2943 suffecit
753 2894 851 2953 ponderi
866 2907 963 2947 rerum3
980 2892 1043 2936 scias
1053 2901 1110 2935 eum

103 3001 201 3054 sentire,
213 3012 268 3056 qnae
279 2995 353 3040 dicit?
378 2992 413 3037 Os
423 2990 544 3036 Messala:
563 2989 612 3032 ‘At
624 2985 739 3039 Messala,
747 2981 835 3028 nitidus
846 2989 872 3026 et
883 2979 1008 3032 candidus,
1019 2983 1044 3022 et
1055 2987 1110 3034 quo

103 3088 231 3136 darumodo
239 3096 287 3144 prae
298 3097 325 3130 se
336 3084 415 3128 ferens
426 3081 451 3126 in
461 3077 560 3124 diceudo
566 3075 713 3122 nobilitatem
721 3085 808 3126 suam
823 3071 914 3116 viribus
931 3066 1025 3113 minor?
1057 3063 1108 3109 Lib·

104 3174 136 3223 X.
149 3175 214 3222 Sect.
231 3176 252 3220 1.

136 3265 204 3312 Adeo
215 3260 388 3321 antiqtmrium]
421 3256 578 3314 Antiquitatis
589 3260 719 3308 amantem,
731 3239 858 3304 scientem,
869 3248 1042 3293 admiratorem.

137 3352 203 3399 Sect.
221 3354 260 3395 22.
279 3351 383 3394 Pramus
400 3349 463 3393 mm
476 3344 575 3391 mauolt
591 3334 910 3389 maionem-amentias
927 3328 1023 3389 merit]
1056 3328 1111 3375 ‘He

104 3453 159 3485 was
169 3439 211 3483 the
222 3438 280 3490 first,
292 3436 349 3477 who
357 3432 464 3489 polished
476 3433 513 3477 his
522 3432 598 3490 style3
615 3432 673 3476 who
684 3443 738 3475 was
748 3429 867 3473 attentive
878 3433 904 3470 to
911 3424 952 3469 the
963 3419 1077 3468 selection
1089 3417 1116 3462 ol

104 3523 143 3568 his
153 3524 243 3577 words,
255 3521 302 3567 and
313 3519 406 3578 applied
417 3526 452 3564 art
464 3526 489 3564 to
503 3518 669 3576 composition.
702 3516 743 3563 He
757 3513 890 3574 attempted
901 3512 953 3558 also
962 3519 1079 3569 passages
1089 3503 1116 3550 ω’
