2392 4050
146 181 211 250 216
478 183 516 249 0.
533 183 644 249 Ooara
660 183 835 252 Tacmus.
876 235 881 244 .

145 356 285 424 vulnera
299 354 424 423 mereri.
466 356 602 443 Pigrum
620 355 801 441 quinimmo
815 368 847 422 et
862 357 946 426 iners
957 354 1084 435 ridetur,
1096 369 1147 418 su·
1177 401 1178 442 ,

84 501 87 508 .
146 440 223 506 dors
238 442 412 525 acquirere,
422 441 511 526 quod
523 442 626 526 possis
641 445 799 527 sanguine
814 463 934 529 parare.

77 525 117 548 “⁸
189 527 264 593 XV.
286 527 447 598 Quotiens
469 527 555 592 bella
580 546 647 594 non
671 528 793 610 ineunt,
809 530 960 595 ,multum
981 527 1144 605 venadbiu,

145 613 221 698 plus
241 633 298 696 per
313 613 417 680 otium
437 612 629 701 transigunt,
643 613 743 678 dediti
763 634 876 679 somno
897 615 1035 698 ciboque.
1078 614 1144 678 For·

145 697 289 766 tissimus
303 699 440 783 quisque
452 717 493 763 ac
506 699 769 766 bellicosissimus
789 700 872 766 nihil
887 719 995 787 agens,
1015 697 1146 783 detegat

145 784 261 850 domins
272 794 306 849 et
321 784 493 850 Penatium
506 800 538 849 et
553 805 704 871 agrorum
718 786 797 850 curi
818 785 958 862 foeminis
971 786 1146 867 senibusque

145 881 178 936 et
191 870 411 936 infirmissimo
422 868 547 952 cuique.
566 890 609 935 ex
622 870 763 936 familis:
785 870 847 957 ipsi
861 871 998 936 hebent:
1018 871 1096 936 miri
1109 869 1147 932 di·

145 956 295 1021 versitate
309 965 443 1036 naturae,
459 956 533 1021 cum
546 956 646 1020 iidem
666 957 812 1021 homines
830 957 877 1021 sic
891 966 1001 1020 ament
1013 955 1147 1021 inertiam

145 1050 178 1108 st
191 1040 316 1105 oderint
329 1041 480 1123 quietam.
524 1042 596 1106 lllos
615 1050 663 1104 est
677 1042 870 1121 civitatibus,
885 1043 972 1106 ultro
985 1062 1022 1108 ac
1041 1041 1147 1107 viritim

145 1126 288 1193 conterre
304 1125 516 1214 Principibus,
530 1127 583 1192 vel
605 1135 833 1208 armentorum,
847 1127 900 1191 vel
921 1125 1062 1214 frugum,
1075 1121 1149 1211 quod

146 1229 205 1296 pro
240 1211 363 1278 honore
398 1226 576 1297 acceptum,
607 1211 705 1276 etiam
732 1213 976 1286 necessitatibus
1003 1211 1148 1278 subvenit

148 1294 300 1362 Gaudent
314 1297 472 1383 praeo'ipue
491 1297 704 1362 finitimarum
717 1297 864 1383 gentium
885 1297 990 1379 donis,
1011 1318 1082 1382 quae
1093 1314 1149 1360 non

147 1381 243 1450 modo
257 1382 431 1469 asiugulis,
446 1383 502 1447 sed
514 1383 643 1468 publice
659 1383 847 1450 mittunturx
868 1383 963 1448 electi
977 1384 1062 1468 equi,
1075 1402 1150 1465 mag·

147 1486 298 1618 gaarma,
309 1469 673 1553 phaleraetorquqsque.
704 1469 785 1552 ,Jam
795 1468 1009 1553 etpecuniam
1019 1470 1149 1554 accipere
1177 1481 1178 1516 t

169 1571 327 1618 ocurmus.
455 1586 458 1593 ·
574 1587 578 1594 <

104 1691 109 1716 ,
191 1638 282 1706 XVI.
305 1639 423 1704 Nullas
437 1640 677 1704 Germanorum
686 1639 814 1724 populis
823 1640 919 1709 urbes
930 1637 1149 1722 habitari,satis

148 1734 264 1791 notum
277 1734 343 1789 est:
365 1727 492 1809 nepati
506 1725 638 1808 quidem
657 1724 738 1790 inter
752 1745 787 1788 se
807 1725 937 1806 junctas
959 1724 1061 1789 sedes.
1101 1727 1150 1790 Co

149 1809 357 1894 luntdiscreti
372 1831 409 1878 ac
422 1809 551 1890 diversi,
568 1809 696 1896 utjons,
712 1820 748 1873 ut
761 1829 904 1894 campus,
919 1821 957 1875 ut
969 1831 1084 1875 nemus
1095 1811 1150 1893 pla·

150 1896 228 1962 cuit.
275 1895 368 1960 Vicus
382 1897 497 1975 locant,
521 1914 586 1959 non
603 1896 637 1960 in
657 1908 803 1960 nostrum
816 1916 948 1976 morem,
963 1896 1114 1960 connexis
1125 1906 1151 1959 st

149 1981 384 2049 coherentibus
398 1980 561 2048 aedificiis:
583 2000 677 2046 suam
689 1981 825 2066 quisque
840 1981 975 2047 domum
988 1983 1089 2066 spatio
1100 1982 1151 2045 cir·
1177 1983 1178 2067 l

149 2067 373 2147 condensius
387 2066 537 2133 adversus
552 2087 646 2132 casus
670 2067 755 2154 ignis
773 2067 960 2155 remedium,
985 2069 1054 2132 sive
1068 2066 1151 2132 insci·
1177 2070 1178 2137 l

149 2152 195 2217 tin
209 2151 399 2219 edificandi.
441 2153 491 2219 Ns
511 2163 740 2219 camentorum
753 2153 885 2237 quidem
906 2152 993 2237 apud
1014 2154 1085 2218 illos
1102 2161 1151 2216 aut
1177 2158 1178 2207 ἒ

149 2239 334 2325 tegularum
354 2256 451 2304 usus:
472 2239 603 2303 materia
624 2237 666 2302 ad
688 2239 797 2303 omnia
817 2250 954 2304 utuntur
979 2238 1103 2304 informi
1123 2246 1150 2300 et

150 2324 230 2390 citra
242 2324 381 2408 speciem
394 2336 451 2388 aut
464 2322 715 2389 delectationem
759 2325 921 2395 Quaedam
944 2327 1015 2389 loca
1028 2322 1150 2410 diligen-

149 2407 211 2473 tius
225 2408 358 2477 illinunt
379 2409 471 2490 terri,
487 2409 532 2477 ita
541 2414 626 2493 puni
640 2429 678 2473 ac
692 2408 887 2493 splendente,
901 2422 939 2475 ut
953 2410 1104 2494 picturam
1115 2427 1150 2471 ac
1177 2468 1178 2491 ,

149 2494 344 2563 lineamenta
372 2497 517 2561 colorum
547 2495 698 2561 imitetur.
750 2496 862 2561 Solent
886 2506 918 2559 et
941 2497 1149 2560 subterraneos

148 2598 265 2664 specus
276 2581 410 2664 aperire,
426 2601 543 2664 eosque
554 2583 656 2646 multo
671 2579 802 2664 insuper
817 2581 893 2647 fimo
908 2591 1050 2660 onerant,
1060 2579 1150 2644 sullu-
1177 2610 1178 2613 ¹

149 2665 241 2751 mum
254 2664 366 2750 hyemi.
377 2677 409 2728 et
422 2667 662 2749 receptaculum
675 2666 838 2752 frugibus:
860 2666 937 2752 quia
958 2668 1092 2752 rigorem
1102 2663 1149 2728 fri·

148 2769 265 2837 gorurn
279 2750 435 2832 ejusmodi
449 2751 528 2815 locis
543 2751 714 2816 molliunt:
738 2761 778 2832 et,
800 2752 826 2816 si
841 2751 971 2836 quando
985 2749 1082 2817 hostis
1103 2749 1150 2813 ad·

149 2835 248 2918 venit,
261 2846 368 2920 aperta
381 2836 562 2920 populatur,
578 2837 685 2901 abdita
698 2848 806 2901 autem
819 2849 850 2901 et
864 2837 989 2902 defossa
1003 2845 1057 2902 aut
1070 2835 1150 2923 igno

148 2925 269 3002 rantur,
285 2934 389 2987 anteo
404 2921 473 3006 ipso
483 2920 610 3002 fallunt,
621 2922 707 3005 qubd
721 2921 893 3005 quaerenda
905 2933 990 2988 sunt
1177 2968 1178 2989 i

192 3010 299 3076 XVII.
323 3007 495 3095 Tegumen
509 3009 660 3073 omnibus
674 3028 797 3104 sagum,
812 3008 920 3089 fibula,
943 3018 1008 3090 aut,
1022 3007 1049 3070 si
1068 3004 1147 3085 desit,

148 3096 243 3180 spinis
266 3094 469 3161 consertum:
492 3105 596 3159 cetera
617 3094 727 3158 intecti
750 3102 830 3158 totos
849 3093 916 3157 dies
936 3093 1030 3176 juxta
1050 3091 1148 3156 focum

149 3191 244 3263 atque
259 3183 368 3278 ignem
382 3188 493 3266 agunt.
537 3178 798 3263 Locupletissirni
812 3189 898 3242 veste
907 3178 1147 3265 distinguuntur,

148 3283 215 3330 non
229 3266 383 3346 fluitante,
399 3267 484 3331 sicut
498 3265 651 3330 Sarmatae
666 3285 704 3329 ac
726 3263 846 3343 Parthi,
861 3263 918 3326 sed
930 3264 1039 3328 stricti
1051 3273 1082 3327 at
1093 3261 1149 3327 sin·

148 3349 243 3447 gulos
257 3361 344 3415 artus
359 3351 567 3432 exprimente.
609 3352 739 3415 Gerunt
752 3358 783 3413 et
793 3349 933 3414 ferarum
945 3350 1052 3433 pellea,
1067 3367 1148 3432 pror·

148 3433 205 3498 imi
231 3434 309 3517 ripa
334 3435 542 3519 negligenter,
567 3436 732 3502 ulteriores
761 3434 959 3519 exquisitius,
986 3445 1022 3499 ut
1041 3433 1147 3517 quibus

147 3520 260 3584 nullus
274 3539 329 3603 per
347 3520 538 3584 commercia
554 3523 671 3586 cultus.
717 3520 856 3607 Eligunt
869 3521 961 3601 feras,
979 3531 1010 3586 et
1020 3518 1148 3583 detracta

147 3604 309 3670 velamina
321 3615 477 3690 spargunt
492 3606 628 3670 maculis
653 3608 855 3692 pellibusque
877 3608 1064 3687 belluamm,
1078 3622 1147 3689 quas

147 3690 283 3757 exterior
297 3691 447 3756 Oceanus
462 3700 557 3774 atque
570 3692 720 3780 ignotum
736 3713 824 3758 mare
839 3695 952 3782 gignit.
996 3693 1061 3759 Nec
1075 3688 1148 3756 alius
