2392 4050
80 130 123 196 34
434 127 472 193 C.
487 128 598 194 Gonu.
614 128 752 195 Tacrrr
895 127 947 217 [A.
962 126 1005 195 U.
1018 128 1090 196 822.

78 300 251 388 paululum
259 308 438 378 cunctatus,
449 319 531 366 uum
540 299 696 366 Rboedcis
706 300 796 388 jugis
807 300 842 366 in
853 300 1011 367 Noricum
1020 301 1092 366 flae-

80 396 168 469 teret,
182 387 334 455 adversira
350 386 675 538 Petroniumdurbis]
688 389 939 466 Procuratorem,
950 389 1006 471 qui
1018 407 1090 452 con·

79 474 151 539 citis
161 472 537 557 auxiliia,atiutarruptia
568 472 719 539 uminum
729 473 888 557 pontibus,
899 472 984 537 fidus
995 475 1090 538 Otho

79 559 115 623 ni
129 561 309 643 putabatur.
351 558 417 624 Sed
431 570 527 640 metu,
542 577 584 623 na
601 559 757 624 amitteret
770 559 947 642 premissas
958 559 1028 641 jam
1041 578 1091 624 co·

78 645 186 709 hortas
200 646 338 728 alasque,
353 645 448 709 simul
461 655 622 729 reputans,
636 646 710 728 plus
724 645 833 732 gloria
855 645 976 709 retenta
991 645 1091 724 ltalii,

78 741 120 811 et,
134 729 330 815 ubicumque
344 739 501 795 certatum
517 730 605 811 foret,
620 730 756 795 Noricos
770 729 806 794 in
825 740 930 796 cetera
949 729 1092 795 victoriae

78 817 213 900 praemia
222 835 376 898 masuras,
393 816 518 881 Penino
527 814 764 901 subsignanum
777 816 913 880 militem
927 813 1049 898 itinere,
1063 826 1094 881 et

44 974 52 989 .
78 920 179 988 grave
194 901 360 988 legionum
374 920 492 990 agmen
503 900 658 986 hybernis
671 901 779 972 adhuc
793 902 929 986 Alpibus
944 901 1094 966 traduxit.

122 986 243 1054 LXXI.
266 987 354 1052 Otho
368 987 504 1069 interim,
523 996 637 1052 contra
656 1006 748 1070 spem
767 987 923 1068 omnium,
938 1006 1004 1052 non
1018 986 1095 1052 dcli·

79 1071 148 1154 ciis,
159 1072 395 1156 uaquedesidia
410 1085 605 1156 torpescere:
627 1072 737 1160 dilatae
750 1074 937 1157 voluptates,
947 1072 1096 1138 dissimu-

79 1159 145 1224 lata
158 1157 299 1238 luxuria,
318 1169 351 1223 ot
367 1171 485 1224 cuncta
506 1156 548 1222 ad
571 1156 719 1223 decorem
745 1158 876 1241 Imperii
900 1161 1094 1241 composita:

78 1244 181 1328 eoque
194 1245 269 1329 plus
283 1243 463 1309 formidinis
477 1243 651 1308 afferebant
664 1243 754 1308 falsa
765 1244 900 1308 virtutes
913 1256 946 1308 at
959 1245 1037 1309 vitia
1050 1262 1097 1308 re·
1173 1314 1177 1329 Ι

79 1329 196 1395 ditura.
239 1330 383 1395 Marium
396 1331 537 1412 Celsum,
550 1330 729 1395 Consulem
738 1329 951 1416 designatum,
963 1348 1018 1415 par
1029 1349 1096 1414 spe·

79 1414 164 1480 ciem
176 1413 393 1498 vinculorum,
416 1414 547 1482 saevitiae
568 1414 712 1480 militum
727 1415 935 1497 subtractum,
950 1414 1047 1480 acciri
1062 1415 1096 1478 in

79 1500 268 1585 capitolium
277 1500 386 1583 jubet:
408 1500 588 1567 clamantia
608 1502 722 1566 titulus
735 1520 754 1563 a
768 1500 841 1565 viro
855 1502 943 1565 claro
957 1511 988 1566 et
1001 1499 1098 1586 parti·
1176 1574 1177 1579 ἵ

79 1588 140 1652 bus
162 1586 277 1666 inviso,
299 1586 473 1686 petebatur.
517 1587 642 1666 Celsus,
664 1594 847 1651 constanter
866 1597 1000 1651 servata
1020 1605 1097 1672 arga
1174 1592 1177 1637 ¹

80 1672 221 1737 Galbam
235 1673 309 1737 fider
329 1671 451 1738 crimen
466 1671 641 1754 confessus,
655 1672 843 1755 exemplum
861 1673 948 1736 ultro
962 1673 1103 1755 imputa·x

80 1756 136 1823 vit.
180 1757 250 1824 Nac
264 1758 464 1842 Otbo,qua'si
483 1759 672 1846 ignosceret,
697 1759 763 1840 sed,
788 1776 830 1822 ne
852 1756 953 1823 hostis
976 1739 1121 1829 marm?

80 1844 351 1910 rcconciliationia
365 1844 537 1925 adhiberet,
554 1845 663 1909 statim
677 1842 761 1908 inter
772 1842 903 1908 intimos
913 1844 1033 1908 amicos
1044 1841 1099 1907 ha·

80 1930 159 2013 buit,
173 1940 205 1995 ct
219 1948 295 1996 mox
308 1932 394 1997 bello
412 1930 494 1995 iutar
509 1931 619 1995 Duces
637 1928 708 1994 dele
734 1929 774 1992 ‘t:
798 1927 979 2014 mansitque
984 1928 1100 2022 Q

79 2017 171 2082 velut
184 2014 330 2096 fataliter,
349 2017 445 2083 etiam
460 2036 517 2100 pro
531 2016 662 2081 Othona
683 2015 707 2079 fi
729 2035 763 2079 as
784 2014 908 2099 integra
930 2024 961 2079 et
975 2013 1097 2079 infelix.

81 2102 174 2167 Laeta
187 2100 380 2185 primoribus
395 2101 544 2182 civitatis,
558 2103 716 2167 celebrata
727 2101 761 2165 in
772 2102 895 2188 vulgus
905 2100 993 2166 Celsi
1002 2101 1099 2179 salus,

81 2206 124 2252 na
138 2186 294 2253 militibus
307 2186 440 2270 quidam
453 2186 579 2273 ingrata
596 2186 614 2250 i
637 2186 660 2249 't
702 2185 821 2253 andam
833 2186 988 2251 virtutem
1001 2184 1101 2251 admi-

81 2271 236 2352 rantibus,
252 2206 701 2422 cuiiraacebmturff
745 2358 752 2371 ·
910 2357 917 2371 ·
1090 2343 1109 2376 η

24 2333 114 2441 Χ
125 2357 269 2423 LXXII.
292 2357 354 2424 Par
367 2357 441 2424 mdo
455 2359 533 2423 exul
592 2379 622 2440 o,
635 2357 814 2443 drapanbus
829 2376 935 2422 causis
948 2373 1101 2422 cousecut

82 2452 123 2525 ta,
138 2442 306 2526 impetrato
318 2444 477 2532 Tigellini
486 2445 594 2510 exitio.
638 2442 824 2528 Sopbouius
836 2441 1032 2530 Tigellinus,
1048 2443 1102 2506 ob
1177 2493 1179 2550 p

82 2529 186 2595 scuris
199 2529 392 2614 parentibus,
405 2529 490 2596 sada
503 2530 648 2615 pueritia,
661 2528 826 2614 impudici
835 2528 971 2593 abacti.
1014 2528 1101 2593 Prre·
1177 2553 1179 2556 ·

82 2614 240 2680 iacturam
249 2614 390 2702 vigilum
400 2627 432 2682 et
446 2617 592 2681 Pimtorii
603 2625 635 2681 et
646 2614 1015 2700 aliapraemiavirtutum
1024 2614 1101 2697 quia

82 2699 226 2766 talociba
239 2712 307 2765 arat
320 2702 408 2767 vitiis
422 2700 565 2786 adeptus,
574 2700 795 2766 crudelitatem
803 2720 888 2782 mox,
899 2697 1016 2763 deinde
1027 2719 1102 2763 ava·

82 2785 191 2852 ritiam
204 2797 237 2852 at
246 2785 354 2853 virilia
363 2789 483 2853 scelera
497 2788 650 2869 exercuit,
660 2796 810 2870 corrupto
821 2786 862 2851 ad
871 2804 966 2849 omna
975 2784 1102 2849 facinus

83 2872 231 2957 Neroua3
253 2874 402 2957 quaedam
416 2873 531 2961 ignaro
542 2893 651 2955 ausus,
666 2891 705 2936 ac
718 2872 877 2957 postremo
891 2870 1037 2952 ejusdem
1049 2869 1102 2933 de
1117 2937 1129 2970 a

83 2970 184 3023 sartor
198 2979 236 3024 ac
255 2958 405 3042 proditor.
450 2959 544 3023 Unda
564 2978 632 3023 non
650 2957 753 3022 alium
776 2957 968 3041 pertinacius
983 2954 1024 3019 ad
1038 2974 1102 3038 pra·

83 3063 161 3109 narn
182 3044 375 3130 degitardra,
397 3043 525 3109 diverso
550 3044 676 3124 affectu,
695 3043 813 3126 quibus
832 3044 945 3107 odium
963 3040 1100 3106 Neronis
1178 3079 1179 3102 r

83 3129 194 3213 iuerat,
220 3142 252 3195 ct
273 3131 392 3214 quibus
413 3130 618 3195 desiderium.
661 3127 760 3212 Apud
786 3130 925 3194 Galbam
948 3127 992 3192 Τ.
1012 3126 1101 3190 Vinii

82 3215 223 3300 potentii
237 3214 398 3298 defensus,
424 3216 634 3300 praetexantis,
659 3224 836 3279 ‘servatam
857 3214 898 3279 ab
919 3233 958 3277 oo
973 3211 1102 3276 filiam?
1178 3275 1179 3304 ,

83 3302 210 3366 ethaud
224 3299 321 3367 dubib
336 3312 525 3380 servaverat,
540 3320 607 3365 non
621 3299 800 3379 clementii,
815 3300 934 3384 quippe
948 3308 994 3363 tot
1008 3297 1102 3362 inter·
1178 3323 1179 3370 3

83 3384 183 3465 sectis,
198 3388 254 3452 aed
268 3387 388 3472 effugio
398 3386 433 3450 in
445 3385 592 3450 futurum
603 3408 610 3450 :
621 3387 876 3469 ‚quiapessimus
887 3384 1033 3468 quisque,
1045 3381 1102 3447 dii-
1178 3393 1179 3408 ³

84 3467 217 3535 fidantii
232 3471 438 3554 prasentium
460 3470 670 3536 mutationem
692 3490 814 3554 pavens
830 3470 980 3535 adversita
1001 3467 1101 3551 publi·

84 3571 161 3616 curn
174 3555 287 3620 odium
301 3555 460 3638 privatum
478 3555 616 3640 gratiam
638 3567 812 3639 preparat3
835 3555 924 3620 unde
945 3555 1039 3621 nulla
1057 3554 1102 3618 in·

84 3639 240 3745 nocentia}
253 3658 341 3721 cura,
356 3638 413 3704 sed
427 3638 514 3706 vicos
534 3640 746 3724 impunitatis.
789 3641 841 3707 Εὸ
861 3640 1015 3708 infensior
1029 3659 1104 3726 pop
