2392 4050
54 202 80 268 J.
94 204 128 271 G.
145 204 211 298 72]
315 205 794 274 anL1n.V.H1eroa1ssuu.
997 204 1063 273 aut

51 382 94 457 qui
122 380 235 442 obviam
258 393 449 461 processerat,
481 381 614 460 inopinus
637 379 776 441 occurrit:
797 377 989 455 nlmsnsqua
1010 380 1065 442 sed

53 479 188 521 rumorum
201 481 325 536 memor,
342 462 471 535 “Veni‘’
483 463 581 540 inquit,
605 470 721 540 “pster,
737 461 831 520 reni.”
871 459 963 519 Simul
982 474 1066 521 ruunt

49 541 77 601 in
88 543 256 621 amplexum
277 554 368 621 pater,
381 543 529 615 insenum,
539 561 576 602 sn
590 543 666 602 filius
679 541 795 621 probata
807 540 864 601 ado
877 539 974 600 latior.

85 622 117 682 L.
139 624 216 683 Urbs
239 635 355 700 totaque
381 624 467 683 ltalia
484 641 535 702 pro
561 624 623 682 'l'iti
643 622 736 683 reditu
757 621 788 680 in
815 621 941 681 lotitiam
962 620 1064 682 effusa

50 702 166 763 Senam
190 703 341 782 duplicem
356 704 529 782 triumphum
541 704 664 783 principi
676 714 706 762 et
727 702 837 762 Caesari
849 701 985 761 decrerit.
1025 704 1064 761 At

47 782 97 859 ipsi
116 785 204 844 unico
227 786 366 856 contenti,
387 803 427 844 ue
449 785 528 843 inam
553 785 684 862 impensi
706 792 868 862 grarmetru
890 782 1062 859 respublica.

47 862 115 922 Tum
127 865 253 943 primunr
266 866 304 924 ab
318 865 396 925 Urbe
419 864 531 924 conditi
544 877 625 943 pater
638 865 769 941 filiusque
787 863 845 922 risi
856 862 888 922 in
901 862 1002 922 eadem
1015 863 1064 923 tri·

46 944 164 1021 umphsli
217 947 294 1025 tuph
335 946 383 1017 At,
395 958 426 1005 ut
445 963 529 1018 nors,
542 946 586 1004 sic
604 945 757 1023 magnifica
774 943 853 1003 hiare
866 942 1001 1021 triumphi
1013 942 1063 1005 ‹le-

46 1042 113 1084 sora
155 1026 289 1086 Purirnl
301 1026 395 1085 adhuc
417 1025 631 1096 noete,1nilites
649 1025 859 1102 stetere'prope
883 1023 970 1083 Isidis
991 1037 1064 1084 tem·

46 1103 123 1179 plum.
164 1105 211 1166 lbi
226 1105 429 1185 Vespasianus
442 1107 583 1182 Tibiaque
601 1117 716 1164 noctem
729 1117 864 1183 egerant:
885 1105 977 1183 primo
990 1106 1062 1164 dilu-

47 1184 113 1256 culo,
123 1197 211 1265 ceput
222 1186 307 1246 lauro
320 1187 451 1258 redimiti,
471 1198 502 1245 et
513 1187 663 1266 purpmeis
675 1185 766 1244 induti
784 1186 919 1256 vestibus,
931 1186 962 1245 in
975 1187 1062 1246 Octa·

46 1263 94 1323 vie
113 1268 259 1344 porticum
280 1278 500 1346 processerunt:
533 1285 585 1326 eos
608 1278 736 1336 senatus,
758 1265 918 1343 praecipuus
941 1267 1061 1345 quisque

46 1346 264 1424 magistratuum,
273 1359 305 1407 et
317 1359 449 1424 equester
457 1347 527 1408 ordo
541 1348 664 1427 excepit
695 1347 745 1410 ‚Ut
757 1347 787 1405 iu
797 1346 928 1406 tribuudi
942 1350 1061 1407 ebnme·

46 1421 118 1501 isque
132 1429 216 1488 sellis
230 1428 401 1500 consedere,
422 1427 541 1488 laureati
563 1440 593 1487 et
606 1428 722 1488 sericati
742 1428 848 1487 milites
861 1427 953 1486 solitis
967 1429 1062 1489 accla-

46 1506 210 1569 nationibus
222 1510 555 1588 imperatorumsirtutas
579 1510 726 1568 attollrrnt:
748 1527 824 1580 mox,
847 1507 923 1567 theto
936 1509 1061 1580 silentio,

48 1581 249 1665 Vespasianus,
272 1587 366 1648 velato
390 1590 493 1667 capite,
516 1590 662 1648 sollennes
683 1608 787 1667 preces
810 1588 952 1666 concipit3
982 1590 1061 1651 idem

46 1679 147 1745 quoque
154 1682 294 1748 precatus
308 1682 354 1730 est
362 1669 456 1729 Titus.
496 1670 573 1729 Tum
583 1665 790 1747 Vespasianus,
800 1669 983 1729 assistentem
993 1689 1061 1729 con·

48 1745 151 1810 uenam
165 1751 270 1829 pannis
293 1750 441 1821 allooums,
453 1749 560 1809 milites
574 1748 612 1809 ad
633 1759 761 1828 paratim
775 1747 924 1826 prandium
937 1749 1060 1811 dimittit.

49 1822 108 1917 lpse
121 1849 186 1890 curn
200 1832 263 1891 tilio
276 1829 314 1889 ad
326 1829 524 1909 triumphalem
536 1841 646 1908 portam
659 1847 826 1905 regressus:
843 1828 883 1886 ibi
892 1839 958 1906 post
966 1830 1061 1891 levem

50 1906 142 1981 elbum,
154 1910 345 1991 triumphales
358 1921 455 1970 vestes
465 1910 601 1981 induunt;
622 1910 762 1984 cesisque
776 1918 841 1967 aute
853 1907 943 1979 Deos,
951 1910 988 1969 sd
997 1928 1061 1989 por·

49 1992 99 2046 hm
111 2001 249 2066 astantes,
263 1991 397 2064 victimis,
411 1991 497 2070 coepit
508 2007 622 2070 pompa,
635 1998 769 2069 apparatu
778 1989 911 2065 maxims.

83 2064 130 2129 LI.
150 2072 186 2132 ln
199 2072 260 2132 hac
273 2072 350 2132 enim
363 2072 475 2150 imperii
492 2091 575 2150 pace,
588 2071 700 2130 subacti
712 2070 788 2130 orbis
801 2089 882 2149 opes,
895 2071 997 2130 artium
1008 2072 1062 2132 mi·

49 2149 144 2221 moun,
157 2164 269 2212 natura
278 2171 342 2212 rara
350 2171 467 2229 quaeque
480 2162 639 2212 ostentata:
661 2162 809 2231 provectae
818 2170 928 2229 quoquc
941 2153 1061 2213 immen-

49 2242 84 2284 δῦ
101 2247 306 2310 purpureamm
324 2231 537 2311 Babylonicum
559 2243 620 2291 arte
639 2234 778 2311 pictarum
790 2233 922 2306 restium,
936 2253 1061 2313 gemma·

50 2321 112 2380 tum,
139 2312 171 2371 iu
192 2331 315 2373 coronas
337 2312 448 2389 aliaque
468 2313 498 2372 irl
524 2331 616 2393 genus
639 2323 804 2372 ornaments
832 2314 1061 2392 compositarum,

50 2393 152 2451 tunes:
181 2393 387 2472 praefulgebant
409 2392 535 2453 Deorum
554 2393 715 2464 simulacra,
735 2393 928 2471 magnitudine
950 2405 1061 2453 atarto

51 2471 198 2544 stupenda:
235 2474 354 2552 ipsaque
381 2474 523 2545 animalia,
546 2473 609 2533 suis
633 2492 751 2550 queque
776 2473 885 2533 naturis
912 2492 1059 2552 expressa.

52 2543 154 2610 Cuncta
176 2564 274 2614 autem
298 2572 376 2625 suro,
398 2565 523 2632 argento,
547 2556 633 2614 ebore
655 2553 820 2632 splendida:
842 2554 930 2635 bajuli
950 2572 1061 2633 quoque

50 2632 189 2706 purpureis
204 2634 355 2710 aureisque
375 2633 522 2694 radiabant
534 2634 707 2694 indumentis
719 2654 726 2693 :
747 2635 812 2714 ipsa
825 2635 999 2714 captivorum
1011 2634 1062 2694 de·

51 2702 167 2772 sotmitss
187 2706 417 2777 ornamentorum
430 2715 565 2774 vametste
589 2716 737 2775 illustrata.
779 2712 889 2776 Tantas
902 2716 976 2775 inter
988 2734 1060 2794 opes

52 2791 204 2868 auspices
217 2795 360 2873 inprimis
374 2795 512 2854 immanes
526 2796 697 2856 serculorum
706 2795 806 2866 moles,
819 2797 849 2855 in
859 2807 918 2856 tres
929 2808 1060 2873 quatuor·

51 2882 98 2940 que
117 2874 302 2934 tabulatorum
323 2875 437 2935 ordines
458 2888 626 2936 exstructa:
648 2877 715 2936 inde
736 2879 869 2955 patebant
891 2878 1061 2936 intuentium

51 2949 133 3010 oculis
153 2955 298 3015 minirum
317 2974 454 3033 expressa
475 2957 588 3035 singula
611 2957 724 3016 Judaici
743 2957 811 3016 belli
826 2967 937 3023 eventa,
950 2956 1059 3032 proelis,

52 3031 207 3116 transfugia,
230 3036 403 3114 captivorum
426 3037 548 3112 agmina,
569 3037 689 3108 urbium,
712 3036 894 3095 castellorum
915 3053 1060 3113 oppugna·

52 3113 145 3184 bones,
159 3126 296 3175 tentorum
310 3115 433 3187 excidia,
446 3115 545 3194 templi
558 3115 701 3186 incendia,
715 3115 840 3186 flumina,
853 3133 910 3173 non
923 3115 954 3174 in
966 3116 1060 3177 viren-

54 3194 101 3261 ῑθθ,
114 3194 165 3253 sed
177 3196 209 3256 in
220 3196 340 3256 torridos
352 3214 479 3274 campus,
491 3195 640 3256 immissa:
662 3196 692 3254 in
706 3194 826 3272 siugulis
840 3207 934 3254 autem
943 3195 1059 3257 ferculis

53 3275 167 3334 ostentui
180 3288 259 3336 erant
272 3275 432 3336 ludaeorum
445 3276 545 3348 duces,
558 3275 660 3335 eodem
682 3276 739 3336 loci
755 3276 935 3355 corporisque
952 3276 1059 3351 habitu,

55 3362 103 3420 quo
121 3352 229 3417 fuerant
248 3357 341 3435 capti:
363 3367 480 3434 gesmtoe
500 3375 610 3434 quoque
623 3377 712 3417 naves
725 3356 861 3435 plurimas.
901 3357 972 3418 Post
984 3362 1059 3421 vise·

55 3423 144 3492 banmr
165 3437 264 3516 templi
284 3437 467 3510 monimenta,
489 3458 552 3515 quae
575 3439 649 3498 iuter
675 3439 817 3498 eminebat
839 3457 941 3499 mensa
964 3460 1060 3512 aurea,

58 3522 162 3574 trusum
173 3518 382 3589 candelabrum,
404 3530 433 3578 et
453 3519 581 3579 ultimum
603 3520 733 3599 spolium,
757 3518 877 3588 Juds‘r'ca
889 3520 946 3578 lex.
987 3520 1059 3580 Inde

57 3595 231 3664 tenebantur
253 3599 340 3676 lngo
358 3598 457 3659 ordine
470 3600 651 3660 victoriarum
671 3601 763 3659 tituli:
785 3620 853 3659 mox
873 3598 1058 3673 triumphales

57 3662 217 3751 Vespasium
229 3617 345 3755 Tii'rlpe
359 3698 467 3751 emtus,
479 3681 581 3756 quibus
595 3680 773 3754 adequitabat
792 3677 971 3762 Domitianus
992 3691 1058 3759 con:

59 3747 105 3810 'lh
142 3756 341 3820 Circumducu
353 3777 405 3836 per
417 3759 527 3818 theatra
539 3760 652 3837 pompa,
664 3768 695 3815 ut
707 3756 824 3814 irruenti
844 3747 1059 3823 und1q¹¹⁰l³¹⁰b¹
