2392 4050
96 253 165 319 268
440 248 478 313 G.
494 248 605 311 Coun.
621 245 761 311 Tacm

95 420 185 508 quod
198 420 341 507 manum
355 416 516 500 temporis,
531 416 558 479 si
573 414 615 480 ad
627 415 852 481 infirmitatem
866 435 1037 499 corporum
1048 435 1112 483 nos·

97 521 222 572 trorum
236 504 363 582 referas,
383 502 515 566 sortasse
530 502 668 585 longum
683 500 854 582 rideatur;
877 502 904 565 si
921 501 960 564 nd
977 515 1112 565 nauuarn

96 592 294 656 ascelmum
314 599 347 653 et
368 596 549 670 respectum
574 584 724 648 immensi
750 585 850 665 hujus
876 587 948 665 aevi,
971 606 1112 669 perquam

96 674 194 741 breve
208 685 240 737 ct
254 676 289 738 in
302 672 451 757 proximo
464 680 529 737 est..
566 670 651 735 Nam
665 669 703 749 si,
718 680 756 732 nt
769 670 886 734 Cicero
902 671 936 733 in
951 671 1113 734 Hortensio

94 760 213 836 scribit,
237 758 346 821 ‘isest
361 774 499 839 magnus
513 766 546 816 et
560 773 656 818 verns
671 772 787 833 annus,
799 774 866 837 quo
880 754 996 818 eadem
1010 754 1113 837 positio

99 845 176 909 coeli
190 842 406 923 siderumque,
430 859 504 920 qna
518 840 593 902 cnm
613 839 755 902 maxime
770 850 827 918 est,
853 858 987 909 rursum
1000 838 1112 915 existet,

97 928 190 1010 isque
213 944 319 991 anntrs
344 926 471 1002 horum,
492 942 574 1006 quos
596 942 656 986 nos
679 942 846 1002 vocamus,
869 943 1031 987 annorum
1052 923 1112 987 ΧΠ

98 1008 370 1075 uucuccmv.
392 1008 647 1089 complectitur?
668 1007 782 1092 incipit
804 1008 1039 1075 Demosthenes
1052 1028 1113 1070 res

97 1104 154 1174 ter,
176 1113 276 1177 quam
289 1111 349 1157 vos
371 1102 513 1156 veterem
538 1102 571 1154 et
593 1091 767 1174 antiquum
788 1092 913 1177 fingitis
939 1112 1007 1156 non
1020 1094 1114 1157 solim

70 1192 73 1197 ·
97 1179 213 1243 eodem
226 1196 324 1256 anno,
338 1194 405 1260 qno
420 1196 490 1254 nos,
505 1177 562 1241 sed
576 1175 643 1240 sete
658 1176 773 1243 eodem
787 1196 898 1240 mense
912 1178 1064 1240 extitisse.

140 1264 249 1329 XVII.
272 1261 338 1329 Sed
352 1274 480 1325 transeo
494 1260 535 1324 ad
550 1261 684 1325 latinos
699 1274 850 1342 oratores,
864 1263 899 1325 in
913 1263 1033 1344 qtribns
1055 1280 1114 1326 non

96 1348 296 1428 Menenium,
312 1357 446 1429 utputo,
462 1345 649 1429 Agrippam,
664 1347 721 1427 qui
733 1356 834 1428 potest
845 1346 950 1410 videri
961 1348 1114 1428 antiquus,

96 1443 285 1496 nostrorum
299 1440 481 1512 temporum
493 1430 620 1494 disertis
639 1440 831 1513 anteponere
845 1432 978 1495 soletis:
1000 1431 1055 1494 sed
1070 1433 1114 1494 Gi-

96 1534 248 1580 ceronem
261 1527 294 1580 et
310 1515 474 1579 Caesarem
488 1525 519 1577 et
533 1515 675 1579 coetium
689 1530 721 1578 et
736 1517 876 1579 Calvum
890 1525 922 1578 et
938 1517 1077 1583 Brutum
1088 1525 1115 1576 et

96 1599 250 1664 Asinium
263 1612 295 1665 et
307 1599 503 1664 Messalam:
525 1617 608 1681 quos
620 1599 826 1682 quidemcur
847 1600 993 1682 antiquis
1006 1610 1116 1683 tempo

96 1683 187 1750 ribus
201 1685 306 1768 potius
321 1685 496 1764 ascribatis,
509 1686 610 1767 qu'atn
624 1685 749 1764 uostris,
765 1703 830 1747 nou
846 1684 964 1748 video:
987 1703 1072 1764 nam,
1083 1693 1115 1746 ut

96 1769 138 1834 de
154 1769 312 1835 Cicerone
327 1768 398 1851 ipso
413 1770 536 1851 loquar,
552 1770 660 1835 Hirtio
673 1789 790 1851 nempe
803 1779 835 1831 et
850 1768 957 1833 Pansa
973 1769 1113 1833 consuli

96 1855 167 1932 bus,
182 1864 220 1917 ut
235 1854 318 1919 Tiro
333 1853 467 1917 libertus
481 1853 552 1933 ejus
567 1853 702 1935 scripsit,
724 1854 860 1935 septimo
876 1852 956 1916 ldus
969 1854 1113 1917 muns

95 1938 224 2004 occisus
239 1948 294 2018 est,
316 1957 382 2021 quo
397 1956 483 2001 anno
499 1938 606 2002 Divus
628 1940 799 2024 Augustus
823 1938 856 2002 in
879 1938 991 2002 locum
1007 1939 1113 2002 Pansae

96 2035 129 2088 ct
142 2022 241 2086 Hirtii
266 2043 302 2087 se
324 2032 357 2086 et
378 2023 423 2092 Q.
440 2022 576 2087 Pedium
602 2023 692 2102 Coss.
707 2022 844 2087 suffecit.
888 2022 1002 2087 Statue
1021 2032 1114 2086 sexet

98 2106 339 2191 quinquaginta
352 2125 468 2185 annm,
487 2107 608 2188 quibus
622 2126 700 2170 mox
723 2108 829 2170 Divus
844 2109 1015 2191 Angustus
1029 2108 1113 2171 Rern

95 2190 264 2275 publicam
285 2191 393 2271 rexit;
414 2190 518 2271 adjice
534 2190 658 2256 Tiberii
683 2201 747 2254 tres
772 2202 805 2253 et
827 2192 944 2275 viginti
965 2202 998 2253 et
1023 2192 1112 2274 prope

98 2273 354 2358 quadriennium
373 2275 446 2339 Caii
472 2294 510 2338 ac
536 2275 584 2338 bis
608 2285 782 2358 quaternos
807 2275 907 2338 denos
932 2276 1062 2338 Claudii
1084 2284 1111 2336 et

98 2358 240 2425 Neronis
255 2378 359 2422 annos
374 2369 470 2441 atque
485 2358 597 2440 ipsum·
617 2360 729 2422 Galbae
750 2368 781 2421 et
797 2358 937 2422 Othonis
951 2370 984 2422 ct
999 2358 1110 2423 Vitellii

96 2461 205 2509 unum
223 2462 350 2507 anunm
374 2462 413 2506 ac
436 2453 561 2506 sextam
577 2442 648 2523 jam
668 2442 771 2507 felicis
793 2441 895 2522 hujus
918 2442 1110 2527 Principattn

96 2528 277 2606 stationem,
291 2527 357 2610 qni
372 2526 591 2609 Vespasianus
607 2526 854 2609 Rcmpublicam
868 2525 968 2608 soret,
990 2539 1111 2593 centuni

95 2623 128 2676 et
142 2611 258 2697 viginti
273 2610 350 2675 anni
366 2612 407 2674 ab
426 2610 559 2676 interitu
581 2612 749 2675 Ciceronis
772 2611 807 2676 in
824 2612 914 2676 hunc
928 2611 1016 2677 diem
1030 2612 1110 2677 colli·

94 2707 226 2782 guntur,
241 2695 341 2757 nnius
355 2694 601 2759 hominisaetas.
645 2696 730 2760 Nam
745 2697 813 2778 ipse
826 2715 887 2779 ego
902 2696 936 2759 in
954 2696 1109 2761 Britannil

94 2779 165 2844 ridi
178 2796 298 2855 senem,
320 2777 378 2858 qui
396 2797 432 2841 se
454 2778 609 2843 fateretur
631 2781 680 2843 ‘ei
703 2798 822 2865 pugnae
836 2779 1031 2860 interfuisse,
1050 2781 1107 2865 qui

96 2865 269 2942 Gaesarem,
291 2860 481 2927 inferentem
495 2884 585 2929 arma
598 2863 773 2944 Britannis,
793 2884 902 2930 arcere
917 2866 1071 2931 littoribus
1082 2875 1109 2929 at

93 2951 215 3033 pellere
229 2945 370 3033 aggressi
386 2949 501 3016 sunt',
526 2949 617 3012 Itasi
628 2967 712 3030 aum,
725 2948 784 3032 qui
795 2958 939 3014 umatus
951 2951 990 3015 C.
1001 2950 1109 3016 unani

95 3034 220 3114 restitit,
235 3034 289 3098 vel
304 3031 480 3116 captivitas,
506 3034 560 3097 vel
576 3034 738 3113 voluntas,
752 3036 804 3097 vel
819 3032 922 3100 satum
937 3035 1107 3117 aliquodin

94 3121 209 3183 urbem
223 3117 437 3201 pertraxisset,
460 3115 547 3180 idem
570 3118 734 3184 omrem
756 3117 864 3201 ipsum
877 3128 910 3183 et
928 3117 1107 3187 Ciceronem

95 3201 209 3265 audire
239 3202 353 3285 potuit,
375 3212 408 3264 et
436 3201 555 3265 nostris
583 3220 712 3286 quoque
742 3202 925 3269 actionibus
953 3204 1106 3271 interme·

94 3286 249 3352 Proximo
262 3286 395 3367 quidem
415 3284 581 3371 congiario
605 3286 666 3369 ipsi
690 3285 817 3353 vidistis
831 3287 1001 3371 plerosque
1013 3308 1106 3367 mnes,

92 3370 160 3452 qui,
186 3388 222 3432 se
237 3390 257 3431 e
271 3370 360 3431 Divo
374 3388 506 3452 quoque
526 3372 679 3455 Augusto
699 3372 799 3436 semel
820 3381 918 3454 alque
932 3373 1051 3439 iterum
1063 3395 1106 3438 ac

92 3453 213 3533 cepisse
228 3452 434 3532 congiarium
457 3455 648 3518 narrabant:
671 3474 713 3522 ex
736 3474 802 3536 quo
823 3457 936 3543 colligi
1002 3467 1105 3537 test,et

93 3533 274 3624 (lorrinnm
286 3534 326 3596 ab
340 3533 405 3598 illis
416 3544 447 3596 et
458 3537 610 3610 Asinium
624 3538 728 3608 audiri
745 3538 897 3620 potuisse.
974 3562 1027 3606 am
1036 3546 1104 3607 Gor·

89 3629 189 3677 rmus
203 3616 398 3680 in‘medium
420 3628 523 3698 usque
550 3622 692 3705 Augusti
721 3623 956 3706 principatum,
978 3627 1103 3692 Asinius

88 3695 181 3770 paene
196 3696 238 3765 od
252 3707 442 3781 extremum,
464 3701 603 3769 duravit.
648 3705 718 3772 Nec
731 3706 886 3774 dividatis
900 3711 1102 3795 sacculumrt
