<?xml version="1.0" encoding="UTF-8"?>
<!DOCTYPE html PUBLIC "-//W3C//DTD XHTML 1.0 Transitional//EN"
    "http://www.w3.org/TR/xhtml1/DTD/xhtml1-transitional.dtd">
<html xmlns="http://www.w3.org/1999/xhtml" xml:lang="en" lang="en">
 <head>
  <title>
</title>
<meta http-equiv="Content-Type" content="text/html;charset=utf-8" />
  <meta name='ocr-system' content='tesseract 3.04.00' />
  <meta name='ocr-capabilities' content='ocr_page ocr_carea ocr_par ocr_line ocrx_word'/>
</head>
<body>
  <div class='ocr_page' id='page_1' title='image "./ccorneliitaciti37tacigoog_0312.png"; bbox 0 0 2392 4050; ppageno 0'>
   <div class='ocr_carea' id='block_1_1' title="bbox 50 207 1063 300">
    <p class='ocr_par' dir='ltr' id='par_1_1' title="bbox 50 207 1063 300">
     <span class='ocr_line' id='line_1_1' title="bbox 50 207 1063 300; baseline 0.004 -29"><span class='ocrx_word' id='word_1_1' title='bbox 50 208 86 272; x_wconf 82' lang='lat' dir='ltr'><strong>A.</strong></span> <span class='ocrx_word' id='word_1_2' title='bbox 101 207 137 272; x_wconf 83' lang='lat' dir='ltr'><strong>O.</strong></span> <span class='ocrx_word' id='word_1_3' title='bbox 154 211 219 300; x_wconf 84' lang='lat'><strong>69.]</strong></span> <span class='ocrx_word' id='word_1_4' title='bbox 324 212 474 278; x_wconf 78' lang='lat' dir='ltr'><strong>Hrsron.</strong></span> <span class='ocrx_word' id='word_1_5' title='bbox 489 211 569 280; x_wconf 75' lang='lat' dir='ltr'><strong>Lm.</strong></span> <span class='ocrx_word' id='word_1_6' title='bbox 582 213 768 283; x_wconf 72' lang='lat' dir='ltr'><strong>Qorurus.</strong></span> <span class='ocrx_word' id='word_1_7' title='bbox 999 210 1063 276; x_wconf 80' lang='lat'><strong>153</strong></span> 
     </span>
    </p>
   </div>
   <div class='ocr_carea' id='block_1_2' title="bbox 42 381 1064 2521">
    <p class='ocr_par' dir='ltr' id='par_1_2' title="bbox 42 381 1064 2521">
     <span class='ocr_line' id='line_1_2' title="bbox 47 381 1062 468; baseline 0.001 -23"><span class='ocrx_word' id='word_1_8' title='bbox 47 381 159 463; x_wconf 79' lang='lat' dir='ltr'><strong>hortos,</strong></span> <span class='ocrx_word' id='word_1_9' title='bbox 182 394 213 447; x_wconf 86' lang='lat' dir='ltr'><strong>et</strong></span> <span class='ocrx_word' id='word_1_10' title='bbox 227 382 315 468; x_wconf 88' lang='lat' dir='ltr'><strong>quod</strong></span> <span class='ocrx_word' id='word_1_11' title='bbox 328 403 347 447; x_wconf 89' lang='lat' dir='ltr'><strong>e</strong></span> <span class='ocrx_word' id='word_1_12' title='bbox 362 384 535 450; x_wconf 75' lang='lat' dir='ltr'><strong>Germanis</strong></span> <span class='ocrx_word' id='word_1_13' title='bbox 553 384 696 452; x_wconf 72' lang='lat' dir='ltr'><strong>mxime</strong></span> <span class='ocrx_word' id='word_1_14' title='bbox 715 391 887 467; x_wconf 83' lang='lat' dir='ltr'><strong>promtum,</strong></span> <span class='ocrx_word' id='word_1_15' title='bbox 909 381 1062 448; x_wconf 76' lang='lat' dir='ltr'><strong>adversus</strong></span> 
     </span>
     <span class='ocr_line' id='line_1_3' title="bbox 48 467 1063 553; baseline 0.003 -22"><span class='ocrx_word' id='word_1_16' title='bbox 48 469 203 535; x_wconf 82' lang='lat' dir='ltr'>Voculam</span> <span class='ocrx_word' id='word_1_17' title='bbox 230 470 472 553; x_wconf 83' lang='lat' dir='ltr'><strong>exercitumque</strong></span> <span class='ocrx_word' id='word_1_18' title='bbox 497 469 566 550; x_wconf 85' lang='lat' dir='ltr'><strong>ejus</strong></span> <span class='ocrx_word' id='word_1_19' title='bbox 589 470 706 535; x_wconf 85' lang='lat' dir='ltr'><strong>mittit:</strong></span> <span class='ocrx_word' id='word_1_20' title='bbox 744 467 833 533; x_wconf 89' lang='lat' dir='ltr'><strong>Julio</strong></span> <span class='ocrx_word' id='word_1_21' title='bbox 856 467 1002 532; x_wconf 79' lang='lat' dir='ltr'><strong>Maximo</strong></span> <span class='ocrx_word' id='word_1_22' title='bbox 1030 479 1063 535; x_wconf 89' lang='lat' dir='ltr'><strong>et</strong></span> 
     </span>
     <span class='ocr_line' id='line_1_4' title="bbox 47 552 1063 637; baseline 0.003 -20"><span class='ocrx_word' id='word_1_23' title='bbox 47 554 181 620; x_wconf 77' lang='lat' dir='ltr'><strong>Claudio</strong></span> <span class='ocrx_word' id='word_1_24' title='bbox 197 556 333 637; x_wconf 81' lang='lat' dir='ltr'>Victore,</span> <span class='ocrx_word' id='word_1_25' title='bbox 355 556 473 620; x_wconf 87' lang='lat' dir='ltr'><strong>sororis</strong></span> <span class='ocrx_word' id='word_1_26' title='bbox 487 575 554 619; x_wconf 83' lang='lat' dir='ltr'><strong>suae</strong></span> <span class='ocrx_word' id='word_1_27' title='bbox 569 555 646 635; x_wconf 90' lang='lat' dir='ltr'><strong>filio,</strong></span> <span class='ocrx_word' id='word_1_28' title='bbox 668 554 825 621; x_wconf 76' lang='lat' dir='ltr'><strong>Ducibus</strong></span> <span class='ocrx_word' id='word_1_29' title='bbox 861 552 1013 637; x_wconf 83' lang='lat' dir='ltr'><strong>-Ropiunt</strong></span> <span class='ocrx_word' id='word_1_30' title='bbox 1026 554 1063 621; x_wconf 86' lang='lat' dir='ltr'><strong>in</strong></span> 
     </span>
     <span class='ocr_line' id='line_1_5' title="bbox 45 638 1063 727; baseline 0.004 -27"><span class='ocrx_word' id='word_1_31' title='bbox 45 642 174 706; x_wconf 79' lang='lat' dir='ltr'><strong>transitu</strong></span> <span class='ocrx_word' id='word_1_32' title='bbox 193 640 339 725; x_wconf 85' lang='lat' dir='ltr'><strong>hyberna</strong></span> <span class='ocrx_word' id='word_1_33' title='bbox 350 643 418 721; x_wconf 81' lang='lat' dir='ltr'><strong>elae,</strong></span> <span class='ocrx_word' id='word_1_34' title='bbox 433 641 618 727; x_wconf 79' lang='lat' dir='ltr'><strong>Asciburgii</strong></span> <span class='ocrx_word' id='word_1_35' title='bbox 632 642 713 705; x_wconf 77' lang='lat' dir='ltr'><strong>situ:</strong></span> <span class='ocrx_word' id='word_1_36' title='bbox 736 639 880 722; x_wconf 56' lang='lat' dir='ltr'><strong>edemue</strong></span> <span class='ocrx_word' id='word_1_37' title='bbox 893 638 1063 721; x_wconf 80' lang='lat' dir='ltr'><strong>improvisi</strong></span> 
     </span>
     <span class='ocr_line' id='line_1_6' title="bbox 45 725 1064 809; baseline 0.003 -22"><span class='ocrx_word' id='word_1_38' title='bbox 45 737 144 791; x_wconf 82' lang='lat' dir='ltr'><strong>costra</strong></span> <span class='ocrx_word' id='word_1_39' title='bbox 158 726 355 807; x_wconf 68' lang='lat' dir='ltr'><strong>involavere,</strong></span> <span class='ocrx_word' id='word_1_40' title='bbox 369 736 406 791; x_wconf 91' lang='lat' dir='ltr'><strong>ut</strong></span> <span class='ocrx_word' id='word_1_41' title='bbox 420 745 486 791; x_wconf 90' lang='lat' dir='ltr'><strong>non</strong></span> <span class='ocrx_word' id='word_1_42' title='bbox 502 726 634 809; x_wconf 83' lang='lat' dir='ltr'><strong>alloqui,</strong></span> <span class='ocrx_word' id='word_1_43' title='bbox 649 746 716 791; x_wconf 91' lang='lat' dir='ltr'><strong>non</strong></span> <span class='ocrx_word' id='word_1_44' title='bbox 730 725 869 808; x_wconf 83' lang='lat' dir='ltr'><strong>pandere</strong></span> <span class='ocrx_word' id='word_1_45' title='bbox 883 725 987 790; x_wconf 86' lang='lat' dir='ltr'><strong>eciem</strong></span> <span class='ocrx_word' id='word_1_46' title='bbox 1001 725 1064 790; x_wconf 87' lang='lat' dir='ltr'><strong>Vo-</strong></span> 
     </span>
     <span class='ocr_line' id='line_1_7' title="bbox 45 810 1064 899; baseline 0.002 -26"><span class='ocrx_word' id='word_1_47' title='bbox 45 814 115 876; x_wconf 82' lang='lat' dir='ltr'>cula</span> <span class='ocrx_word' id='word_1_48' title='bbox 129 812 278 896; x_wconf 87' lang='lat' dir='ltr'><strong>potuerit.</strong></span> <span class='ocrx_word' id='word_1_49' title='bbox 323 811 362 877; x_wconf 93' lang='lat' dir='ltr'><strong>Id</strong></span> <span class='ocrx_word' id='word_1_50' title='bbox 375 815 490 894; x_wconf 87' lang='lat' dir='ltr'><strong>solum,</strong></span> <span class='ocrx_word' id='word_1_51' title='bbox 505 812 590 877; x_wconf 93' lang='lat' dir='ltr'><strong>utin</strong></span> <span class='ocrx_word' id='word_1_52' title='bbox 605 813 758 891; x_wconf 83' lang='lat' dir='ltr'>tumultu,</span> <span class='ocrx_word' id='word_1_53' title='bbox 770 810 905 891; x_wconf 85' lang='lat' dir='ltr'><strong>monuit,</strong></span> <span class='ocrx_word' id='word_1_54' title='bbox 921 811 1064 899; x_wconf 78' lang='lat' dir='ltr'><strong>‘subsig-</strong></span> 
     </span>
     <span class='ocr_line' id='line_1_8' title="bbox 45 896 1064 980; baseline 0.003 -21"><span class='ocrx_word' id='word_1_55' title='bbox 45 913 130 962; x_wconf 76' lang='lat' dir='ltr'><strong>nano</strong></span> <span class='ocrx_word' id='word_1_56' title='bbox 143 899 247 963; x_wconf 88' lang='lat' dir='ltr'><strong>milite</strong></span> <span class='ocrx_word' id='word_1_57' title='bbox 270 897 377 962; x_wconf 82' lang='lat' dir='ltr'><strong>media</strong></span> <span class='ocrx_word' id='word_1_58' title='bbox 399 898 525 963; x_wconf 75' lang='lat' dir='ltr'><strong>firmare</strong></span> <span class='ocrx_word' id='word_1_59' title='bbox 534 899 551 963; x_wconf 84' lang='lat'><strong>:²</strong></span> <span class='ocrx_word' id='word_1_60' title='bbox 573 898 696 962; x_wconf 78' lang='lat' dir='ltr'><strong>auxilia</strong></span> <span class='ocrx_word' id='word_1_61' title='bbox 721 896 841 980; x_wconf 81' lang='lat' dir='ltr'><strong>possim</strong></span> <span class='ocrx_word' id='word_1_62' title='bbox 864 896 1064 964; x_wconf 82' lang='lat' dir='ltr'><strong>circumfuso</strong></span> 
     </span>
     <span class='ocr_line' id='line_1_9' title="bbox 44 977 1063 1079; baseline 0.007 -37"><span class='ocrx_word' id='word_1_63' title='bbox 44 992 125 1047; x_wconf 84' lang='lat' dir='ltr'><strong>sunt.</strong></span> <span class='ocrx_word' id='word_1_64' title='bbox 171 984 285 1068; x_wconf 87' lang='lat' dir='ltr'><strong>Eques</strong></span> <span class='ocrx_word' id='word_1_65' title='bbox 303 981 456 1066; x_wconf 82' lang='lat' dir='ltr'><strong>prorupit,</strong></span> <span class='ocrx_word' id='word_1_66' title='bbox 478 994 697 1066; x_wconf 76' lang='lat' dir='ltr'><strong>exceptusque</strong></span> <span class='ocrx_word' id='word_1_67' title='bbox 715 982 898 1079; x_wconf 83' lang='lat' dir='ltr'><strong>compositis</strong></span> <span class='ocrx_word' id='word_1_68' title='bbox 918 977 1063 1049; x_wconf 86' lang='lat' dir='ltr'><strong>hostium</strong></span> 
     </span>
     <span class='ocr_line' id='line_1_10' title="bbox 43 1066 1063 1153; baseline 0.004 -24"><span class='ocrx_word' id='word_1_69' title='bbox 43 1066 216 1149; x_wconf 83' lang='lat' dir='ltr'><strong>ordinibus,</strong></span> <span class='ocrx_word' id='word_1_70' title='bbox 239 1079 328 1153; x_wconf 81' lang='lat' dir='ltr'><strong>terga</strong></span> <span class='ocrx_word' id='word_1_71' title='bbox 350 1069 384 1132; x_wconf 91' lang='lat' dir='ltr'><strong>in</strong></span> <span class='ocrx_word' id='word_1_72' title='bbox 404 1088 481 1133; x_wconf 86' lang='lat' dir='ltr'><strong>snos</strong></span> <span class='ocrx_word' id='word_1_73' title='bbox 501 1069 606 1132; x_wconf 85' lang='lat' dir='ltr'><strong>vertit</strong></span> <span class='ocrx_word' id='word_1_74' title='bbox 650 1069 762 1131; x_wconf 79' lang='lat' dir='ltr'><strong>Orodes</strong></span> <span class='ocrx_word' id='word_1_75' title='bbox 787 1067 871 1148; x_wconf 91' lang='lat' dir='ltr'><strong>rnde,</strong></span> <span class='ocrx_word' id='word_1_76' title='bbox 892 1087 958 1132; x_wconf 91' lang='lat' dir='ltr'><strong>noo</strong></span> <span class='ocrx_word' id='word_1_77' title='bbox 982 1087 1063 1153; x_wconf 80' lang='lat' dir='ltr'><strong>proe·</strong></span> 
     </span>
     <span class='ocr_line' id='line_1_11' title="bbox 44 1151 1064 1238; baseline 0.005 -24"><span class='ocrx_word' id='word_1_78' title='bbox 44 1151 129 1218; x_wconf 91' lang='lat' dir='ltr'><strong>lium.</strong></span> <span class='ocrx_word' id='word_1_79' title='bbox 177 1156 223 1219; x_wconf 84' lang='lat' dir='ltr'><strong>Et</strong></span> <span class='ocrx_word' id='word_1_80' title='bbox 238 1155 433 1221; x_wconf 83' lang='lat' dir='ltr'><strong>Nerviorum</strong></span> <span class='ocrx_word' id='word_1_81' title='bbox 446 1154 603 1233; x_wconf 87' lang='lat' dir='ltr'><strong>cohortes,</strong></span> <span class='ocrx_word' id='word_1_82' title='bbox 626 1163 713 1218; x_wconf 88' lang='lat' dir='ltr'><strong>metu</strong></span> <span class='ocrx_word' id='word_1_83' title='bbox 727 1172 785 1217; x_wconf 88' lang='lat' dir='ltr'><strong>seu</strong></span> <span class='ocrx_word' id='word_1_84' title='bbox 805 1153 950 1238; x_wconf 74' lang='lat' dir='ltr'><strong>perfido,</strong></span> <span class='ocrx_word' id='word_1_85' title='bbox 962 1156 1064 1219; x_wconf 79' lang='lat' dir='ltr'><strong>latere</strong></span> 
     </span>
     <span class='ocr_line' id='line_1_12' title="bbox 43 1239 1058 1325; baseline 0.003 -26"><span class='ocrx_word' id='word_1_86' title='bbox 43 1251 226 1306; x_wconf 86' lang='lat' dir='ltr'><strong>nostrorum</strong></span> <span class='ocrx_word' id='word_1_87' title='bbox 239 1240 414 1305; x_wconf 71' lang='lat' dir='ltr'><strong>nudavdre.</strong></span> <span class='ocrx_word' id='word_1_88' title='bbox 457 1239 514 1305; x_wconf 80' lang='lat' dir='ltr'><strong>Sic</strong></span> <span class='ocrx_word' id='word_1_89' title='bbox 529 1240 571 1304; x_wconf 83' lang='lat' dir='ltr'><strong>ud</strong></span> <span class='ocrx_word' id='word_1_90' title='bbox 584 1240 728 1323; x_wconf 80' lang='lat' dir='ltr'><strong>legiones</strong></span> <span class='ocrx_word' id='word_1_91' title='bbox 743 1250 954 1322; x_wconf 85' lang='lat' dir='ltr'><strong>perventum:</strong></span> <span class='ocrx_word' id='word_1_92' title='bbox 975 1260 1058 1325; x_wconf 84' lang='lat' dir='ltr'><strong>quoe,</strong></span> 
     </span>
     <span class='ocr_line' id='line_1_13' title="bbox 45 1323 1062 1414; baseline 0.003 -26"><span class='ocrx_word' id='word_1_93' title='bbox 45 1323 165 1389; x_wconf 76' lang='lat' dir='ltr'><strong>omissis</strong></span> <span class='ocrx_word' id='word_1_94' title='bbox 187 1326 215 1391; x_wconf 92' lang='lat' dir='ltr'><strong>si</strong></span> <span class='ocrx_word' id='word_1_95' title='bbox 264 1325 301 1405; x_wconf 89' lang='lat' dir='ltr'><strong>is,</strong></span> <span class='ocrx_word' id='word_1_96' title='bbox 323 1326 408 1390; x_wconf 83' lang='lat' dir='ltr'><strong>intra</strong></span> <span class='ocrx_word' id='word_1_97' title='bbox 429 1326 819 1414; x_wconf 58' lang='lat' dir='ltr'><strong>vallrrrmsternebnntun</strong></span> <span class='ocrx_word' id='word_1_98' title='bbox 841 1330 915 1389; x_wconf 80' lang='lat' dir='ltr'><strong>cum</strong></span> <span class='ocrx_word' id='word_1_99' title='bbox 932 1326 1062 1410; x_wconf 72' lang='lat' dir='ltr'><strong>repente</strong></span> 
     </span>
     <span class='ocr_line' id='line_1_14' title="bbox 44 1409 1059 1498; baseline 0.007 -28"><span class='ocrx_word' id='word_1_100' title='bbox 44 1426 124 1474; x_wconf 85' lang='lat' dir='ltr'><strong>novo</strong></span> <span class='ocrx_word' id='word_1_101' title='bbox 140 1411 221 1477; x_wconf 84' lang='lat' dir='ltr'><strong>euxi</strong></span> <span class='ocrx_word' id='word_1_102' title='bbox 237 1410 412 1475; x_wconf 81' lang='lat' dir='ltr'><strong>infortuna</strong></span> <span class='ocrx_word' id='word_1_103' title='bbox 431 1430 548 1498; x_wconf 85' lang='lat' dir='ltr'><strong>pugnae</strong></span> <span class='ocrx_word' id='word_1_104' title='bbox 568 1421 721 1476; x_wconf 78' lang='lat' dir='ltr'><strong>mutetur.</strong></span> <span class='ocrx_word' id='word_1_105' title='bbox 764 1409 951 1476; x_wconf 76' lang='lat' dir='ltr'><strong>Vasconum</strong></span> <span class='ocrx_word' id='word_1_106' title='bbox 966 1412 1059 1477; x_wconf 79' lang='lat' dir='ltr'><strong>lectae</strong></span> 
     </span>
     <span class='ocr_line' id='line_1_15' title="bbox 44 1495 1060 1580; baseline 0.006 -25"><span class='ocrx_word' id='word_1_107' title='bbox 44 1495 180 1561; x_wconf 73' lang='lat' dir='ltr'><strong>eGalbri</strong></span> <span class='ocrx_word' id='word_1_108' title='bbox 192 1497 341 1560; x_wconf 89' lang='lat' dir='ltr'><strong>cohortes</strong></span> <span class='ocrx_word' id='word_1_109' title='bbox 353 1516 391 1559; x_wconf 82' lang='lat' dir='ltr'><strong>oc</strong></span> <span class='ocrx_word' id='word_1_110' title='bbox 405 1506 474 1561; x_wconf 90' lang='lat' dir='ltr'><strong>tum</strong></span> <span class='ocrx_word' id='word_1_111' title='bbox 485 1498 606 1575; x_wconf 82' lang='lat' dir='ltr'><strong>occitae,</strong></span> <span class='ocrx_word' id='word_1_112' title='bbox 620 1496 700 1560; x_wconf 88' lang='lat' dir='ltr'><strong>dum</strong></span> <span class='ocrx_word' id='word_1_113' title='bbox 711 1495 824 1560; x_wconf 81' lang='lat' dir='ltr'><strong>cestris</strong></span> <span class='ocrx_word' id='word_1_114' title='bbox 832 1495 1060 1580; x_wconf 74' lang='lat' dir='ltr'><strong>propinquent,</strong></span> 
     </span>
     <span class='ocr_line' id='line_1_16' title="bbox 44 1580 1061 1665; baseline 0.005 -24"><span class='ocrx_word' id='word_1_115' title='bbox 44 1580 148 1646; x_wconf 80' lang='lat' dir='ltr'><strong>audito</strong></span> <span class='ocrx_word' id='word_1_116' title='bbox 163 1583 384 1665; x_wconf 80' lang='lat' dir='ltr'><strong>proeliantium</strong></span> <span class='ocrx_word' id='word_1_117' title='bbox 397 1583 547 1662; x_wconf 83' lang='lat' dir='ltr'><strong>clamore,</strong></span> <span class='ocrx_word' id='word_1_118' title='bbox 562 1582 702 1646; x_wconf 87' lang='lat' dir='ltr'><strong>intentos</strong></span> <span class='ocrx_word' id='word_1_119' title='bbox 714 1582 820 1645; x_wconf 83' lang='lat' dir='ltr'><strong>hostes</strong></span> <span class='ocrx_word' id='word_1_120' title='bbox 833 1602 853 1644; x_wconf 82' lang='lat' dir='ltr'>a</span> <span class='ocrx_word' id='word_1_121' title='bbox 868 1591 914 1645; x_wconf 90' lang='lat' dir='ltr'><strong>ter</strong></span> <span class='ocrx_word' id='word_1_122' title='bbox 936 1582 1061 1646; x_wconf 81' lang='lat' dir='ltr'><strong>oiuvo·</strong></span> 
     </span>
     <span class='ocr_line' id='line_1_17' title="bbox 42 1662 1059 1751; baseline 0.008 -26"><span class='ocrx_word' id='word_1_123' title='bbox 42 1662 126 1747; x_wconf 90' lang='lat' dir='ltr'><strong>dunt,</strong></span> <span class='ocrx_word' id='word_1_124' title='bbox 150 1667 372 1751; x_wconf 80' lang='lat' dir='ltr'><strong>latioremque,</strong></span> <span class='ocrx_word' id='word_1_125' title='bbox 394 1669 492 1751; x_wconf 81' lang='lat' dir='ltr'><strong>quim</strong></span> <span class='ocrx_word' id='word_1_126' title='bbox 509 1688 569 1751; x_wconf 92' lang='lat' dir='ltr'><strong>pro</strong></span> <span class='ocrx_word' id='word_1_127' title='bbox 583 1686 728 1748; x_wconf 89' lang='lat' dir='ltr'><strong>numero,</strong></span> <span class='ocrx_word' id='word_1_128' title='bbox 742 1677 897 1731; x_wconf 87' lang='lat' dir='ltr'><strong>terrorem</strong></span> <span class='ocrx_word' id='word_1_129' title='bbox 946 1666 1059 1733; x_wconf 80' lang='lat' dir='ltr'><strong>ciunt:</strong></span> 
     </span>
     <span class='ocr_line' id='line_1_18' title="bbox 45 1750 1061 1839; baseline 0.007 -28"><span class='ocrx_word' id='word_1_130' title='bbox 45 1750 110 1815; x_wconf 86' lang='lat' dir='ltr'><strong>eliis</strong></span> <span class='ocrx_word' id='word_1_131' title='bbox 125 1775 145 1817; x_wconf 85' lang='lat' dir='ltr'><strong>e</strong></span> <span class='ocrx_word' id='word_1_132' title='bbox 160 1754 314 1833; x_wconf 88' lang='lat' dir='ltr'><strong>Novesio,</strong></span> <span class='ocrx_word' id='word_1_133' title='bbox 336 1753 408 1817; x_wconf 83' lang='lat' dir='ltr'><strong>aliis</strong></span> <span class='ocrx_word' id='word_1_134' title='bbox 422 1775 442 1817; x_wconf 83' lang='lat' dir='ltr'><strong>e</strong></span> <span class='ocrx_word' id='word_1_135' title='bbox 457 1753 673 1839; x_wconf 74' lang='lat' dir='ltr'><strong>Mogontiaco,</strong></span> <span class='ocrx_word' id='word_1_136' title='bbox 695 1750 866 1815; x_wconf 82' lang='lat' dir='ltr'><strong>universes</strong></span> <span class='ocrx_word' id='word_1_137' title='bbox 884 1752 992 1835; x_wconf 71' lang='lat' dir='ltr'><strong>copies</strong></span> <span class='ocrx_word' id='word_1_138' title='bbox 1006 1751 1061 1817; x_wconf 81' lang='lat' dir='ltr'><strong>od·</strong></span> 
     </span>
     <span class='ocr_line' id='line_1_19' title="bbox 44 1834 1059 1921; baseline 0.004 -25"><span class='ocrx_word' id='word_1_139' title='bbox 44 1838 163 1904; x_wconf 84' lang='lat' dir='ltr'><strong>venisse</strong></span> <span class='ocrx_word' id='word_1_140' title='bbox 186 1839 399 1904; x_wconf 86' lang='lat' dir='ltr'><strong>credentibus.</strong></span> <span class='ocrx_word' id='word_1_141' title='bbox 443 1840 475 1903; x_wconf 91' lang='lat' dir='ltr'><strong>Is</strong></span> <span class='ocrx_word' id='word_1_142' title='bbox 490 1854 578 1903; x_wconf 90' lang='lat' dir='ltr'><strong>error</strong></span> <span class='ocrx_word' id='word_1_143' title='bbox 590 1836 747 1901; x_wconf 78' lang='lat' dir='ltr'><strong>Romanis</strong></span> <span class='ocrx_word' id='word_1_144' title='bbox 761 1834 849 1899; x_wconf 80' lang='lat' dir='ltr'><strong>addit</strong></span> <span class='ocrx_word' id='word_1_145' title='bbox 863 1837 996 1916; x_wconf 77' lang='lat' dir='ltr'><strong>animos,</strong></span> <span class='ocrx_word' id='word_1_146' title='bbox 1018 1848 1059 1921; x_wconf 86' lang='lat' dir='ltr'><strong>et,</strong></span> 
     </span>
     <span class='ocr_line' id='line_1_20' title="bbox 44 1918 1059 2004; baseline 0.006 -23"><span class='ocrx_word' id='word_1_147' title='bbox 44 1918 117 1988; x_wconf 89' lang='lat' dir='ltr'><strong>dum</strong></span> <span class='ocrx_word' id='word_1_148' title='bbox 135 1924 254 1989; x_wconf 81' lang='lat' dir='ltr'><strong>olienis</strong></span> <span class='ocrx_word' id='word_1_149' title='bbox 267 1923 391 1988; x_wconf 87' lang='lat' dir='ltr'><strong>viribus</strong></span> <span class='ocrx_word' id='word_1_150' title='bbox 413 1923 591 2004; x_wconf 89' lang='lat' dir='ltr'><strong>confidunt,</strong></span> <span class='ocrx_word' id='word_1_151' title='bbox 614 1941 691 1988; x_wconf 80' lang='lat' dir='ltr'><strong>sues</strong></span> <span class='ocrx_word' id='word_1_152' title='bbox 708 1922 866 2003; x_wconf 70' lang='lat' dir='ltr'><strong>recepere.</strong></span> <span class='ocrx_word' id='word_1_153' title='bbox 911 1921 1059 1987; x_wconf 84' lang='lat' dir='ltr'><strong>Fortissi-</strong></span> 
     </span>
     <span class='ocr_line' id='line_1_21' title="bbox 45 2003 1060 2095; baseline 0 -21"><span class='ocrx_word' id='word_1_154' title='bbox 45 2022 110 2074; x_wconf 84' lang='lat' dir='ltr'><strong>mus</strong></span> <span class='ocrx_word' id='word_1_155' title='bbox 127 2010 269 2095; x_wconf 86' lang='lat' dir='ltr'><strong>quisque</strong></span> <span class='ocrx_word' id='word_1_156' title='bbox 283 2032 301 2076; x_wconf 86' lang='lat' dir='ltr'><strong>e</strong></span> <span class='ocrx_word' id='word_1_157' title='bbox 316 2010 456 2091; x_wconf 78' lang='lat' dir='ltr'><strong>Batavis,</strong></span> <span class='ocrx_word' id='word_1_158' title='bbox 478 2019 638 2093; x_wconf 81' lang='lat' dir='ltr'><strong>quantum</strong></span> <span class='ocrx_word' id='word_1_159' title='bbox 660 2003 804 2092; x_wconf 80' lang='lat' dir='ltr'><strong>peditum</strong></span> <span class='ocrx_word' id='word_1_160' title='bbox 818 2015 895 2086; x_wconf 80' lang='lat' dir='ltr'><strong>eret,</strong></span> <span class='ocrx_word' id='word_1_161' title='bbox 916 2005 1060 2074; x_wconf 84' lang='lat' dir='ltr'><strong>fundun-</strong></span> 
     </span>
     <span class='ocr_line' id='line_1_22' title="bbox 45 2092 1060 2187; baseline 0.005 -32"><span class='ocrx_word' id='word_1_162' title='bbox 45 2100 108 2187; x_wconf 65' lang='lat' dir='ltr'><strong>tur5</strong></span> <span class='ocrx_word' id='word_1_163' title='bbox 130 2117 230 2181; x_wconf 87' lang='lat' dir='ltr'><strong>eques</strong></span> <span class='ocrx_word' id='word_1_164' title='bbox 244 2095 346 2160; x_wconf 82' lang='lat' dir='ltr'><strong>evasit</strong></span> <span class='ocrx_word' id='word_1_165' title='bbox 361 2116 437 2161; x_wconf 93' lang='lat' dir='ltr'><strong>curn</strong></span> <span class='ocrx_word' id='word_1_166' title='bbox 450 2094 553 2182; x_wconf 86' lang='lat' dir='ltr'><strong>signis</strong></span> <span class='ocrx_word' id='word_1_167' title='bbox 564 2094 772 2178; x_wconf 76' lang='lat' dir='ltr'><strong>captivisque,</strong></span> <span class='ocrx_word' id='word_1_168' title='bbox 786 2113 868 2177; x_wconf 82' lang='lat' dir='ltr'><strong>quoe</strong></span> <span class='ocrx_word' id='word_1_169' title='bbox 879 2092 1060 2176; x_wconf 67' lang='lat' dir='ltr'><strong>primosus</strong></span> 
     </span>
     <span class='ocr_line' id='line_1_23' title="bbox 45 2178 1059 2271; baseline 0.005 -31"><span class='ocrx_word' id='word_1_170' title='bbox 45 2182 270 2271; x_wconf 77' lang='lat' dir='ltr'><strong>corripuerant.</strong></span> <span class='ocrx_word' id='word_1_171' title='bbox 315 2181 483 2246; x_wconf 82' lang='lat' dir='ltr'><strong>Gaeoorum</strong></span> <span class='ocrx_word' id='word_1_172' title='bbox 497 2201 535 2246; x_wconf 87' lang='lat' dir='ltr'><strong>eo</strong></span> <span class='ocrx_word' id='word_1_173' title='bbox 549 2180 611 2260; x_wconf 88' lang='lat' dir='ltr'><strong>die,</strong></span> <span class='ocrx_word' id='word_1_174' title='bbox 635 2181 669 2244; x_wconf 92' lang='lat' dir='ltr'><strong>in</strong></span> <span class='ocrx_word' id='word_1_175' title='bbox 684 2179 827 2263; x_wconf 79' lang='lat' dir='ltr'><strong>partibus</strong></span> <span class='ocrx_word' id='word_1_176' title='bbox 842 2178 969 2262; x_wconf 90' lang='lat' dir='ltr'><strong>nostris,</strong></span> <span class='ocrx_word' id='word_1_177' title='bbox 992 2198 1059 2245; x_wconf 82' lang='lat' dir='ltr'><strong>nra·</strong></span> 
     </span>
     <span class='ocr_line' id='line_1_24' title="bbox 42 2265 949 2348; baseline 0.003 -22"><span class='ocrx_word' id='word_1_178' title='bbox 42 2280 87 2340; x_wconf 83' lang='lat' dir='ltr'><strong>Jor</strong></span> <span class='ocrx_word' id='word_1_179' title='bbox 100 2285 259 2333; x_wconf 90' lang='lat' dir='ltr'><strong>numerus</strong></span> <span class='ocrx_word' id='word_1_180' title='bbox 273 2277 305 2331; x_wconf 86' lang='lat' dir='ltr'><strong>et</strong></span> <span class='ocrx_word' id='word_1_181' title='bbox 319 2265 495 2348; x_wconf 88' lang='lat' dir='ltr'><strong>imbellior;</strong></span> <span class='ocrx_word' id='word_1_182' title='bbox 518 2287 537 2330; x_wconf 86' lang='lat' dir='ltr'><strong>e</strong></span> <span class='ocrx_word' id='word_1_183' title='bbox 553 2265 725 2332; x_wconf 83' lang='lat' dir='ltr'><strong>Germanis</strong></span> <span class='ocrx_word' id='word_1_184' title='bbox 740 2265 810 2348; x_wconf 86' lang='lat' dir='ltr'><strong>ipse</strong></span> <span class='ocrx_word' id='word_1_185' title='bbox 824 2265 949 2329; x_wconf 70' lang='lat' dir='ltr'><strong>robore</strong></span> 
     </span>
     <span class='ocr_line' id='line_1_25' title="bbox 82 2350 1057 2434; baseline 0.001 -18"><span class='ocrx_word' id='word_1_186' title='bbox 82 2351 242 2420; x_wconf 83' lang='lat' dir='ltr'><strong>XXXIV.</strong></span> <span class='ocrx_word' id='word_1_187' title='bbox 266 2352 346 2416; x_wconf 85' lang='lat' dir='ltr'><strong>Dux</strong></span> <span class='ocrx_word' id='word_1_188' title='bbox 371 2364 514 2434; x_wconf 83' lang='lat' dir='ltr'><strong>uterque,</strong></span> <span class='ocrx_word' id='word_1_189' title='bbox 539 2351 609 2434; x_wconf 84' lang='lat' dir='ltr'><strong>peri</strong></span> <span class='ocrx_word' id='word_1_190' title='bbox 634 2350 731 2434; x_wconf 74' lang='lat' dir='ltr'><strong>culpi</strong></span> <span class='ocrx_word' id='word_1_191' title='bbox 756 2351 890 2415; x_wconf 87' lang='lat' dir='ltr'><strong>meritus</strong></span> <span class='ocrx_word' id='word_1_192' title='bbox 913 2350 1057 2434; x_wconf 79' lang='lat' dir='ltr'><strong>adverso,</strong></span> 
     </span>
     <span class='ocr_line' id='line_1_26' title="bbox 45 2435 1059 2521; baseline 0.003 -21"><span class='ocrx_word' id='word_1_193' title='bbox 45 2440 196 2521; x_wconf 85' lang='lat' dir='ltr'><strong>prosperis</strong></span> <span class='ocrx_word' id='word_1_194' title='bbox 211 2436 351 2504; x_wconf 73' lang='lat' dir='ltr'><strong>defuere.</strong></span> <span class='ocrx_word' id='word_1_195' title='bbox 396 2437 482 2502; x_wconf 86' lang='lat' dir='ltr'><strong>Nom</strong></span> <span class='ocrx_word' id='word_1_196' title='bbox 497 2436 622 2518; x_wconf 81' lang='lat' dir='ltr'><strong>Civilis,</strong></span> <span class='ocrx_word' id='word_1_197' title='bbox 648 2437 677 2500; x_wconf 90' lang='lat' dir='ltr'><strong>si</strong></span> <span class='ocrx_word' id='word_1_198' title='bbox 700 2435 874 2518; x_wconf 80' lang='lat' dir='ltr'><strong>majoribus</strong></span> <span class='ocrx_word' id='word_1_199' title='bbox 887 2436 988 2521; x_wconf 79' lang='lat' dir='ltr'><strong>copiis</strong></span> <span class='ocrx_word' id='word_1_200' title='bbox 1009 2437 1059 2503; x_wconf 91' lang='lat' dir='ltr'><strong>irr-</strong></span> 
     </span>
    </p>
   </div>
   <div class='ocr_carea' id='block_1_3' title="bbox 44 2521 1167 2606">
    <p class='ocr_par' dir='ltr' id='par_1_3' title="bbox 44 2521 1167 2606">
     <span class='ocr_line' id='line_1_27' title="bbox 44 2521 1167 2606; baseline -0.003 -16"><span class='ocrx_word' id='word_1_201' title='bbox 44 2526 205 2590; x_wconf 73' lang='lat' dir='ltr'><strong>struxisset</strong></span> <span class='ocrx_word' id='word_1_202' title='bbox 226 2525 338 2602; x_wconf 84' lang='lat' dir='ltr'><strong>eciem,</strong></span> <span class='ocrx_word' id='word_1_203' title='bbox 360 2522 523 2588; x_wconf 77' lang='lat' dir='ltr'><strong>circumiri</strong></span> <span class='ocrx_word' id='word_1_204' title='bbox 537 2543 558 2586; x_wconf 84' lang='lat' dir='ltr'><strong>o</strong></span> <span class='ocrx_word' id='word_1_205' title='bbox 576 2532 642 2587; x_wconf 84' lang='lat' dir='ltr'><strong>tem</strong></span> <span class='ocrx_word' id='word_1_206' title='bbox 661 2523 773 2606; x_wconf 81' lang='lat' dir='ltr'><strong>paucis</strong></span> <span class='ocrx_word' id='word_1_207' title='bbox 795 2521 980 2587; x_wconf 80' lang='lat' dir='ltr'><strong>cohortibus</strong></span> <span class='ocrx_word' id='word_1_208' title='bbox 1002 2542 1058 2587; x_wconf 84' lang='lat' dir='ltr'><strong>ne-</strong></span> <span class='ocrx_word' id='word_1_209' title='bbox 1166 2593 1167 2600; x_wconf 38' lang='lat'><strong>,</strong></span> 
     </span>
    </p>
   </div>
   <div class='ocr_carea' id='block_1_4' title="bbox 45 2607 1058 2864">
    <p class='ocr_par' dir='ltr' id='par_1_4' title="bbox 45 2607 1058 2864">
     <span class='ocr_line' id='line_1_28' title="bbox 45 2607 1058 2693; baseline 0.005 -24"><span class='ocrx_word' id='word_1_210' title='bbox 45 2607 164 2692; x_wconf 75' lang='lat' dir='ltr'><strong>qubset,</strong></span> <span class='ocrx_word' id='word_1_211' title='bbox 187 2622 355 2692; x_wconf 80' lang='lat' dir='ltr'><strong>castroque</strong></span> <span class='ocrx_word' id='word_1_212' title='bbox 370 2619 521 2693; x_wconf 79' lang='lat' dir='ltr'><strong>perrupto</strong></span> <span class='ocrx_word' id='word_1_213' title='bbox 541 2608 738 2672; x_wconf 86' lang='lat' dir='ltr'><strong>exscidisset.</strong></span> <span class='ocrx_word' id='word_1_214' title='bbox 782 2608 909 2673; x_wconf 79' lang='lat' dir='ltr'><strong>Vocula</strong></span> <span class='ocrx_word' id='word_1_215' title='bbox 928 2627 989 2673; x_wconf 87' lang='lat' dir='ltr'><strong>uec</strong></span> <span class='ocrx_word' id='word_1_216' title='bbox 1002 2607 1058 2674; x_wconf 85' lang='lat' dir='ltr'><strong>nd-</strong></span> 
     </span>
     <span class='ocr_line' id='line_1_29' title="bbox 46 2693 1056 2780; baseline 0.001 -22"><span class='ocrx_word' id='word_1_217' title='bbox 46 2706 170 2761; x_wconf 80' lang='lat' dir='ltr'><strong>rentum</strong></span> <span class='ocrx_word' id='word_1_218' title='bbox 186 2697 327 2762; x_wconf 88' lang='lat' dir='ltr'><strong>hostium</strong></span> <span class='ocrx_word' id='word_1_219' title='bbox 342 2696 530 2777; x_wconf 80' lang='lat' dir='ltr'><strong>exploravit,</strong></span> <span class='ocrx_word' id='word_1_220' title='bbox 544 2693 646 2777; x_wconf 82' lang='lat' dir='ltr'><strong>obque</strong></span> <span class='ocrx_word' id='word_1_221' title='bbox 660 2694 759 2758; x_wconf 86' lang='lat' dir='ltr'><strong>simul</strong></span> <span class='ocrx_word' id='word_1_222' title='bbox 774 2713 921 2780; x_wconf 84' lang='lat' dir='ltr'><strong>egressus</strong></span> <span class='ocrx_word' id='word_1_223' title='bbox 935 2696 1056 2759; x_wconf 87' lang='lat' dir='ltr'><strong>victus-</strong></span> 
     </span>
     <span class='ocr_line' id='line_1_30' title="bbox 46 2778 1055 2864; baseline 0.004 -23"><span class='ocrx_word' id='word_1_224' title='bbox 46 2793 118 2855; x_wconf 87' lang='lat' dir='ltr'><strong>que:</strong></span> <span class='ocrx_word' id='word_1_225' title='bbox 140 2782 216 2846; x_wconf 90' lang='lat' dir='ltr'><strong>dein</strong></span> <span class='ocrx_word' id='word_1_226' title='bbox 238 2778 382 2846; x_wconf 80' lang='lat' dir='ltr'><strong>victoriae</strong></span> <span class='ocrx_word' id='word_1_227' title='bbox 398 2799 511 2864; x_wconf 80' lang='lat' dir='ltr'><strong>porum</strong></span> <span class='ocrx_word' id='word_1_228' title='bbox 530 2778 682 2860; x_wconf 85' lang='lat' dir='ltr'><strong>conlisus,</strong></span> <span class='ocrx_word' id='word_1_229' title='bbox 705 2780 786 2844; x_wconf 84' lang='lat' dir='ltr'><strong>tritis</strong></span> <span class='ocrx_word' id='word_1_230' title='bbox 800 2779 917 2844; x_wconf 77' lang='lat' dir='ltr'><strong>frustrri</strong></span> <span class='ocrx_word' id='word_1_231' title='bbox 930 2779 1055 2863; x_wconf 88' lang='lat' dir='ltr'><strong>diebus,</strong></span> 
     </span>
    </p>
   </div>
   <div class='ocr_carea' id='block_1_5' title="bbox 44 2865 1168 3292">
    <p class='ocr_par' dir='ltr' id='par_1_5' title="bbox 44 2865 1168 3292">
     <span class='ocr_line' id='line_1_31' title="bbox 44 2865 1167 2949; baseline 0.002 -22"><span class='ocrx_word' id='word_1_232' title='bbox 44 2875 140 2930; x_wconf 76' lang='lat' dir='ltr'><strong>cestro</strong></span> <span class='ocrx_word' id='word_1_233' title='bbox 163 2867 198 2932; x_wconf 91' lang='lat' dir='ltr'><strong>in</strong></span> <span class='ocrx_word' id='word_1_234' title='bbox 218 2869 345 2933; x_wconf 86' lang='lat' dir='ltr'><strong>hostem</strong></span> <span class='ocrx_word' id='word_1_235' title='bbox 365 2866 484 2932; x_wconf 84' lang='lat' dir='ltr'><strong>morit:</strong></span> <span class='ocrx_word' id='word_1_236' title='bbox 506 2885 604 2949; x_wconf 84' lang='lat' dir='ltr'><strong>quern</strong></span> <span class='ocrx_word' id='word_1_237' title='bbox 618 2866 645 2930; x_wconf 91' lang='lat' dir='ltr'><strong>si</strong></span> <span class='ocrx_word' id='word_1_238' title='bbox 660 2866 769 2930; x_wconf 81' lang='lat' dir='ltr'><strong>statim</strong></span> <span class='ocrx_word' id='word_1_239' title='bbox 787 2865 960 2949; x_wconf 85' lang='lat' dir='ltr'><strong>impellere,</strong></span> <span class='ocrx_word' id='word_1_240' title='bbox 983 2885 1056 2929; x_wconf 89' lang='lat' dir='ltr'><strong>cur·</strong></span> <span class='ocrx_word' id='word_1_241' title='bbox 1166 2896 1167 2907; x_wconf 24' lang='grc' dir='ltr'><strong>κ</strong></span> 
     </span>
     <span class='ocr_line' id='line_1_32' title="bbox 47 2950 1167 3036; baseline -0.003 -24"><span class='ocrx_word' id='word_1_242' title='bbox 47 2963 171 3036; x_wconf 81' lang='lat' dir='ltr'><strong>tumque</strong></span> <span class='ocrx_word' id='word_1_243' title='bbox 186 2973 295 3018; x_wconf 90' lang='lat' dir='ltr'><strong>rerum</strong></span> <span class='ocrx_word' id='word_1_244' title='bbox 316 2952 407 3033; x_wconf 82' lang='lat' dir='ltr'><strong>sequi</strong></span> <span class='ocrx_word' id='word_1_245' title='bbox 427 2951 624 3029; x_wconf 66' lang='lat' dir='ltr'><strong>maturasset,</strong></span> <span class='ocrx_word' id='word_1_246' title='bbox 639 2951 765 3015; x_wconf 78' lang='lat' dir='ltr'><strong>solvere</strong></span> <span class='ocrx_word' id='word_1_247' title='bbox 778 2950 1056 3035; x_wconf 75' lang='lat' dir='ltr'><strong>obsidium&#39;legio</strong></span> <span class='ocrx_word' id='word_1_248' title='bbox 1166 3000 1167 3009; x_wconf 73' lang='grc'>,</span> 
     </span>
     <span class='ocr_line' id='line_1_33' title="bbox 47 3033 1168 3121; baseline 0.001 -22"><span class='ocrx_word' id='word_1_249' title='bbox 47 3048 119 3102; x_wconf 84' lang='lat' dir='ltr'><strong>nuru</strong></span> <span class='ocrx_word' id='word_1_250' title='bbox 140 3039 254 3104; x_wconf 87' lang='lat' dir='ltr'><strong>eodem</strong></span> <span class='ocrx_word' id='word_1_251' title='bbox 276 3038 399 3121; x_wconf 87' lang='lat' dir='ltr'><strong>impetu</strong></span> <span class='ocrx_word' id='word_1_252' title='bbox 421 3038 533 3120; x_wconf 90' lang='lat' dir='ltr'><strong>potuit.</strong></span> <span class='ocrx_word' id='word_1_253' title='bbox 579 3036 777 3100; x_wconf 78' lang='lat' dir='ltr'><strong>Tentaveret</strong></span> <span class='ocrx_word' id='word_1_254' title='bbox 795 3033 924 3099; x_wconf 87' lang='lat' dir='ltr'><strong>interim</strong></span> <span class='ocrx_word' id='word_1_255' title='bbox 938 3034 1055 3101; x_wconf 83' lang='lat' dir='ltr'><strong>Civilis</strong></span> <span class='ocrx_word' id='word_1_256' title='bbox 1165 3056 1168 3118; x_wconf 56' lang='lat' dir='ltr'>g</span> 
     </span>
     <span class='ocr_line' id='line_1_34' title="bbox 47 3117 1168 3206; baseline -0.001 -20"><span class='ocrx_word' id='word_1_257' title='bbox 47 3117 237 3189; x_wconf 75' lang='lat' dir='ltr'><strong>obsessorum</strong></span> <span class='ocrx_word' id='word_1_258' title='bbox 251 3122 386 3202; x_wconf 82' lang='lat' dir='ltr'><strong>animos,</strong></span> <span class='ocrx_word' id='word_1_259' title='bbox 401 3132 554 3205; x_wconf 83' lang='lat' dir='ltr'><strong>tanquam</strong></span> <span class='ocrx_word' id='word_1_260' title='bbox 569 3121 697 3206; x_wconf 87' lang='lat' dir='ltr'><strong>perditae</strong></span> <span class='ocrx_word' id='word_1_261' title='bbox 717 3119 802 3204; x_wconf 84' lang='lat' dir='ltr'><strong>apud</strong></span> <span class='ocrx_word' id='word_1_262' title='bbox 817 3120 980 3185; x_wconf 83' lang='lat' dir='ltr'><strong>Romanos</strong></span> <span class='ocrx_word' id='word_1_263' title='bbox 995 3140 1055 3203; x_wconf 87' lang='lat' dir='ltr'><strong>res,</strong></span> <span class='ocrx_word' id='word_1_264' title='bbox 1166 3130 1168 3167; x_wconf 55' lang='lat' dir='ltr'><strong>l</strong></span> 
     </span>
     <span class='ocr_line' id='line_1_35' title="bbox 48 3203 1166 3292; baseline 0.001 -22"><span class='ocrx_word' id='word_1_265' title='bbox 48 3211 162 3273; x_wconf 76' lang='lat' dir='ltr'><strong>otonis</strong></span> <span class='ocrx_word' id='word_1_266' title='bbox 190 3208 327 3274; x_wconf 82' lang='lat' dir='ltr'><strong>victoria</strong></span> <span class='ocrx_word' id='word_1_267' title='bbox 354 3208 561 3291; x_wconf 87' lang='lat' dir='ltr'><strong>provenisset.</strong></span> <span class='ocrx_word' id='word_1_268' title='bbox 617 3203 942 3275; x_wconf 73' lang='lat' dir='ltr'><strong>circumferebantur</strong></span> <span class='ocrx_word' id='word_1_269' title='bbox 960 3206 1056 3292; x_wconf 80' lang='lat' dir='ltr'><strong>signo</strong></span> <span class='ocrx_word' id='word_1_270' title='bbox 1165 3269 1166 3280; x_wconf 68' lang='grc'>,</span> 
     </span>
    </p>
   </div>
   <div class='ocr_carea' id='block_1_6' title="bbox 48 3290 1166 3391">
    <p class='ocr_par' dir='ltr' id='par_1_6' title="bbox 48 3290 1166 3391">
     <span class='ocr_line' id='line_1_36' title="bbox 48 3290 1166 3391; baseline 0.003 -36"><span class='ocrx_word' id='word_1_271' title='bbox 48 3295 241 3391; x_wconf 77' lang='lat' dir='ltr'><strong>vexillaque:</strong></span> <span class='ocrx_word' id='word_1_272' title='bbox 275 3293 422 3359; x_wconf 83' lang='lat' dir='ltr'><strong>ostentati</strong></span> <span class='ocrx_word' id='word_1_273' title='bbox 450 3295 546 3358; x_wconf 82' lang='lat' dir='ltr'><strong>etiem</strong></span> <span class='ocrx_word' id='word_1_274' title='bbox 572 3292 712 3376; x_wconf 80' lang='lat' dir='ltr'><strong>captivi:</strong></span> <span class='ocrx_word' id='word_1_275' title='bbox 748 3290 930 3375; x_wconf 85' lang='lat' dir='ltr'><strong>exquibus</strong></span> <span class='ocrx_word' id='word_1_276' title='bbox 955 3310 1053 3372; x_wconf 85' lang='lat' dir='ltr'><strong>unus,</strong></span> <span class='ocrx_word' id='word_1_277' title='bbox 1165 3336 1166 3348; x_wconf 54' lang='lat' dir='ltr'><strong>r</strong></span> 
     </span>
    </p>
   </div>
   <div class='ocr_carea' id='block_1_7' title="bbox 49 3376 1167 3637">
    <p class='ocr_par' dir='ltr' id='par_1_7' title="bbox 49 3376 1167 3637">
     <span class='ocr_line' id='line_1_37' title="bbox 49 3376 1167 3466; baseline 0.002 -24"><span class='ocrx_word' id='word_1_278' title='bbox 49 3390 198 3466; x_wconf 74' lang='lat' dir='ltr'><strong>egregruur</strong></span> <span class='ocrx_word' id='word_1_279' title='bbox 220 3378 348 3444; x_wconf 83' lang='lat' dir='ltr'><strong>socinus</strong></span> <span class='ocrx_word' id='word_1_280' title='bbox 368 3399 474 3461; x_wconf 79' lang='lat' dir='ltr'><strong>ausus,</strong></span> <span class='ocrx_word' id='word_1_281' title='bbox 497 3380 584 3444; x_wconf 69' lang='lat' dir='ltr'><strong>clari</strong></span> <span class='ocrx_word' id='word_1_282' title='bbox 598 3399 678 3444; x_wconf 81' lang='lat' dir='ltr'><strong>voce</strong></span> <span class='ocrx_word' id='word_1_283' title='bbox 696 3389 786 3465; x_wconf 82' lang='lat' dir='ltr'><strong>gesto</strong></span> <span class='ocrx_word' id='word_1_284' title='bbox 800 3376 956 3462; x_wconf 81' lang='lat' dir='ltr'><strong>patefecit,</strong></span> <span class='ocrx_word' id='word_1_285' title='bbox 978 3398 1055 3444; x_wconf 87' lang='lat' dir='ltr'><strong>coo·</strong></span> <span class='ocrx_word' id='word_1_286' title='bbox 1164 3397 1167 3409; x_wconf 89' lang='lat'><strong>·</strong></span> 
     </span>
     <span class='ocr_line' id='line_1_38' title="bbox 49 3455 1166 3546; baseline 0.001 -21"><span class='ocrx_word' id='word_1_287' title='bbox 49 3455 140 3531; x_wconf 81' lang='lat' dir='ltr'><strong>fossus</strong></span> <span class='ocrx_word' id='word_1_288' title='bbox 161 3467 250 3531; x_wconf 88' lang='lat' dir='ltr'><strong>illico</strong></span> <span class='ocrx_word' id='word_1_289' title='bbox 270 3487 290 3529; x_wconf 83' lang='lat' dir='ltr'><strong>e</strong></span> <span class='ocrx_word' id='word_1_290' title='bbox 313 3465 505 3530; x_wconf 78' lang='lat' dir='ltr'><strong>Germanis:</strong></span> <span class='ocrx_word' id='word_1_291' title='bbox 523 3465 611 3529; x_wconf 91' lang='lat' dir='ltr'><strong>unde</strong></span> <span class='ocrx_word' id='word_1_292' title='bbox 629 3463 730 3546; x_wconf 76' lang='lat' dir='ltr'><strong>major</strong></span> <span class='ocrx_word' id='word_1_293' title='bbox 747 3463 846 3530; x_wconf 89' lang='lat' dir='ltr'><strong>indici</strong></span> <span class='ocrx_word' id='word_1_294' title='bbox 869 3462 960 3528; x_wconf 71' lang='lat' dir='ltr'><strong>fides</strong></span> <span class='ocrx_word' id='word_1_295' title='bbox 1004 3464 1054 3529; x_wconf 83' lang='lat' dir='ltr'><strong>si·</strong></span> <span class='ocrx_word' id='word_1_296' title='bbox 1164 3470 1166 3541; x_wconf 27' lang='grc' dir='ltr'>ᾗ</span> 
     </span>
     <span class='ocr_line' id='line_1_39' title="bbox 49 3548 1166 3637; baseline 0.004 -27"><span class='ocrx_word' id='word_1_297' title='bbox 49 3549 106 3612; x_wconf 85' lang='lat' dir='ltr'><strong>nul</strong></span> <span class='ocrx_word' id='word_1_298' title='bbox 118 3554 293 3616; x_wconf 79' lang='lat' dir='ltr'><strong>vastatione</strong></span> <span class='ocrx_word' id='word_1_299' title='bbox 307 3550 530 3633; x_wconf 83' lang='lat' dir='ltr'><strong>incendiisque</strong></span> <span class='ocrx_word' id='word_1_300' title='bbox 544 3552 750 3637; x_wconf 77' lang='lat' dir='ltr'><strong>flagrantium</strong></span> <span class='ocrx_word' id='word_1_301' title='bbox 764 3551 925 3627; x_wconf 79' lang='lat' dir='ltr'><strong>villarum,</strong></span> <span class='ocrx_word' id='word_1_302' title='bbox 940 3548 1054 3612; x_wconf 85' lang='lat' dir='ltr'><strong>venire</strong></span> <span class='ocrx_word' id='word_1_303' title='bbox 1164 3574 1166 3615; x_wconf 70' lang='grc' dir='ltr'><strong>τ</strong></span> 
     </span>
    </p>
   </div>
   <div class='ocr_carea' id='block_1_8' title="bbox 50 3624 1166 3811">
    <p class='ocr_par' dir='ltr' id='par_1_8' title="bbox 50 3624 1166 3821">
     <span class='ocr_line' id='line_1_40' title="bbox 50 3624 1166 3727; baseline 0.005 -38"><span class='ocrx_word' id='word_1_304' title='bbox 50 3629 189 3702; x_wconf 77' lang='lat' dir='ltr'><strong>victorem</strong></span> <span class='ocrx_word' id='word_1_305' title='bbox 203 3636 393 3717; x_wconf 82' lang='lat' dir='ltr'><strong>exercitum,</strong></span> <span class='ocrx_word' id='word_1_306' title='bbox 415 3635 664 3720; x_wconf 81' lang='lat' dir='ltr'><strong>intelligebatur.</strong></span> <span class='ocrx_word' id='word_1_307' title='bbox 708 3636 768 3698; x_wconf 86' lang='lat' dir='ltr'><strong>‘In</strong></span> <span class='ocrx_word' id='word_1_308' title='bbox 790 3642 964 3727; x_wconf 86' lang='lat' dir='ltr'><strong>conspectu</strong></span> <span class='ocrx_word' id='word_1_309' title='bbox 986 3648 1054 3723; x_wconf 71' lang='lat' dir='ltr'><strong>ces·</strong></span> <span class='ocrx_word' id='word_1_310' title='bbox 1163 3624 1166 3705; x_wconf 69' lang='grc' dir='ltr'><strong>ἑ</strong></span> 
     </span>
     <span class='ocr_line' id='line_1_41' title="bbox 50 3711 1054 3811; baseline -0.013 -23"><span class='ocrx_word' id='word_1_311' title='bbox 50 3718 155 3789; x_wconf 69' lang='lat' dir='ltr'><strong>Votum</strong></span> <span class='ocrx_word' id='word_1_312' title='bbox 168 3721 322 3789; x_wconf 86' lang='lat' dir='ltr'><strong>constitui</strong></span> <span class='ocrx_word' id='word_1_313' title='bbox 336 3721 439 3811; x_wconf 85' lang='lat' dir='ltr'><strong>signo,</strong></span> <span class='ocrx_word' id='word_1_314' title='bbox 468 3720 649 3805; x_wconf 79' lang='lat' dir='ltr'><strong>fossamque</strong></span> <span class='ocrx_word' id='word_1_315' title='bbox 664 3732 696 3786; x_wconf 90' lang='lat' dir='ltr'><strong>et</strong></span> <span class='ocrx_word' id='word_1_316' title='bbox 706 3720 834 3810; x_wconf 78' lang='lat' dir='ltr'><strong>vellunt</strong></span> <span class='ocrx_word' id='word_1_317' title='bbox 848 3711 1054 3781; x_wconf 81' lang='lat' dir='ltr'><strong>crrcumderr’</strong></span> 
     </span>
    </p>
   </div>
   <div class='ocr_carea' id='block_1_9' title="bbox 0 0 1202 4050">
    <p class='ocr_par' dir='ltr' id='par_1_9' title="bbox 0 0 1202 4050">
     <span class='ocr_line' id='line_1_42' title="bbox 0 0 1202 4050; baseline 0 0"><span class='ocrx_word' id='word_1_318' title='bbox 0 0 1202 4050; x_wconf 95' lang='lat' dir='ltr'><strong> </strong></span> 
     </span>
    </p>
   </div>
  </div>
 </body>
</html>
