2392 4050
53 210 210 302 istob]
320 212 783 285 ursmalrrnoecuanas.
1019 218 1063 284 87

20 353 21 390 ⁴
53 384 135 448 rebus
150 386 259 449 Patres
274 386 527 450 consulerentur.
571 387 621 450 Ac
637 386 716 451 forte
732 387 865 452 Priscus
881 386 1066 470 Helvidius,

54 469 161 535 Praetor
174 470 369 554 designatus,
385 485 498 536 contra
507 471 655 537 studium
668 472 738 552 ejus
748 483 927 537 censuerat.
971 474 1067 538 Gom-

52 566 147 620 motus
161 556 264 639 primd
283 556 441 636 Vitellius,
457 567 647 621 nontamen
672 559 764 636 ultre,
787 560 885 641 quim
900 560 1064 624 ‘tribunos

51 641 141 721 plebis
154 644 188 706 in
202 641 367 707 auxilium
379 651 494 726 spreta
504 643 677 727 potestatis’
688 643 867 709 advocavit.
912 646 991 710 Mox
1007 645 1066 708 mi·

51 727 214 812 ligantibus
229 727 351 808 amicis,
368 729 423 811 qui
439 727 585 793 altiorem
599 729 815 795 iracundiamv
827 730 899 812 ejus
913 731 1068 796 uereban-

52 821 102 891 tur,
117 813 214 877 ‘nihil
231 814 309 876 novi
332 813 495 878 accidisse’
510 814 684 898 respoudit,
700 816 803 898 ‘cpdd
817 817 883 881 duo
904 828 1068 883 senatores

51 896 79 960 in
93 897 271 982 Republica
282 898 508 963 dissentirent:
530 900 662 964 solitum
674 921 708 964 se
719 902 815 965 etiam
827 903 982 967 Thraseae
993 921 1069 966 con·

50 983 214 1048 tradidere.²
258 984 390 1048 Irrisdre
404 983 549 1068 plerique
574 985 809 1068 impudentiam
830 986 1067 1051 aemulationis:

49 1067 113 1131 aliis
126 1069 284 1153 idipsum
298 1071 451 1154 placebat,
466 1069 552 1152 qubd
569 1071 734 1135 neminem
749 1092 790 1138 ex
808 1073 1067 1156 prepotentibus,

48 1153 96 1216 aad
110 1155 303 1236 Thraseam,
318 1155 360 1219 ad
372 1158 537 1240 exemplar
550 1175 637 1220 verae
653 1157 763 1241 gloriae
778 1157 917 1242 legisset.

84 1241 185 1306 XCII.
209 1241 431 1324 Praeposuerat
442 1239 646 1313 Praetorianis
661 1242 697 1306 P.
713 1242 881 1323 Sabinum,
894 1265 914 1307 a
929 1240 1068 1311 Praesec·

20 1367 21 1378 η
47 1325 111 1390 turb
123 1325 282 1392 cohortis:
305 1327 432 1392 Julium
446 1326 606 1408 Priscum,
621 1336 692 1390 tum
708 1329 961 1395 centurionem:
984 1329 1069 1395 Pris-

48 1429 98 1474 cus
121 1412 277 1492 Valentis,
303 1413 445 1477 Sabinus
469 1412 607 1479 Caecina
635 1413 739 1508 gratia
763 1415 935 1498 pollebant.
978 1414 1069 1480 luter

47 1494 201 1563 discordes
216 1497 348 1562 Vitellio
361 1497 444 1561 nihil
466 1497 683 1581 auctoritatis3
708 1501 821 1564 munia
845 1499 976 1585 Imperii
1000 1502 1069 1566 Cae-

49 1582 165 1648 ciuaac
182 1583 300 1649 Valens
317 1583 469 1665 obibaut3
493 1583 574 1648 olim
598 1584 689 1648 auxii
711 1586 804 1666 odiis,
827 1605 910 1669 quae,
934 1586 1021 1650 bello
1035 1595 1069 1650 et

48 1671 152 1734 castris
167 1669 252 1734 male
267 1669 478 1746 dissimulata,
501 1669 645 1752 pravitas
666 1671 853 1751 amicorum,
868 1682 900 1734 et
914 1669 1069 1736 soecuuda

49 1753 213 1839 gignendis
228 1753 406 1819 inimicitiis
421 1754 535 1818 civitas
551 1765 695 1835 auxerat,
716 1755 796 1821 dum
821 1757 954 1837 ambitu,
969 1756 1068 1823 cumi·

49 1847 117 1920 tatu,
128 1851 161 1904 et
171 1839 338 1907 immensis
348 1840 561 1905 salutantium
573 1840 759 1926 agminibus
770 1841 970 1906 contendunt
982 1860 1069 1906 com·

48 1935 280 2009 perautrrrque3
303 1924 403 1990 variis
425 1924 460 1988 in
486 1925 576 1990 hunc
600 1936 656 1990 aut
678 1927 774 1990 illurn
787 1926 910 1991 Vitellii
932 1926 1069 1991 inclina·

49 2008 191 2080 tionibus.
235 2011 305 2078 Nec
326 2030 471 2094 unquam
486 2010 561 2076 satis
576 2009 643 2075 fida
656 2011 807 2094 potentia,
823 2012 879 2077 ubi
894 2011 996 2077 nimia
1010 2023 1067 2079 est

49 2094 148 2163 Simul
163 2098 272 2182 ipsum
286 2097 464 2176 Vitellium,
478 2097 593 2161 subitis
618 2097 749 2163 offensis
765 2109 820 2164 aut
835 2098 1069 2183 intempestivis

49 2179 206 2249 blanditiis
221 2183 419 2263 mutabilem,
433 2183 682 2248 contemnebant
695 2186 953 2268 metuebantqua.
998 2185 1068 2251 Neo

50 2266 128 2332 edse
173 2268 223 2333 ihs
250 2269 436 2334 invaserant
460 2267 582 2349 domos,
607 2268 725 2350 hortos,
751 2290 892 2355 opesque
915 2271 1067 2353 Imperii:

50 2353 115 2418 cnm
151 2356 245 2420 ebilis
258 2365 318 2419 ete
341 2373 399 2417 ens
412 2353 572 2420 nobilium
582 2356 686 2435 turba,
698 2374 779 2439 quos
789 2356 876 2439 ipsos
887 2355 1068 2439 liberosque

51 2438 150 2519 patriae
167 2441 274 2506 Galba
287 2459 303 2503 r
342 2438 476 2520 diderat,
501 2438 594 2504 nulli
610 2439 771 2523 Principis
786 2440 1006 2505 misericordia
1015 2440 1069 2522 ju·

49 2536 204 2590 verentur.
248 2526 387 2589 Gratum
406 2524 601 2608 primoribus
615 2525 764 2607 civitatis,
779 2525 878 2590 etiam
891 2526 1002 2609 plebes
1016 2546 1069 2611 ap

50 2610 198 2692 probavit,
211 2610 300 2695 qubd
314 2610 451 2674 reversis
465 2610 506 2674 ab
519 2610 618 2674 exilio
641 2611 715 2693 jura
735 2612 923 2677 libertorum
937 2631 1069 2676 conces·

50 2694 151 2760 sisset:
173 2716 362 2781 quanquam
376 2694 409 2759 id
423 2694 622 2760 omnimodo
637 2697 768 2761 servilia
780 2696 913 2780 ingenia
926 2717 1069 2764 corrum-

50 2781 167 2862 pebant,
183 2782 298 2849 abditis
310 2780 459 2865 pecuniis
470 2799 527 2865 per
538 2783 681 2847 occultos
693 2794 750 2847 aut
761 2782 946 2848 ambitiosos
957 2784 1067 2866 sinus,

51 2866 235 2949 etquidem
264 2868 299 2932 in
321 2866 456 2931 domum
482 2866 618 2932 Caesaris
644 2870 841 2956 transgressi,
866 2878 961 2952 atque
990 2870 1069 2953 ipsit

52 2948 184 3019 dominis
199 2953 401 3038 potentiores.

89 3039 206 3106 XCIIL
231 3039 298 3106 Sed
313 3038 416 3117 miles,
430 3036 537 3120 plenis
551 3038 671 3119 castris,
693 3050 734 3118 et,
750 3038 949 3103 redundante
961 3038 1069 3105 multi-

52 3120 164 3206 tudine,
179 3126 213 3190 in
228 3124 403 3211 porticibus
419 3133 474 3186 aut
493 3123 637 3189 delubris
651 3132 683 3186 et
697 3124 777 3188 urbe
792 3125 858 3187 toti
872 3144 986 3210 vagus,
1001 3145 1069 3192 non

52 3207 201 3293 principia
215 3229 357 3290 noscere,
372 3227 440 3274 non
463 3229 592 3274 servare
606 3209 744 3295 vigilias,
767 3229 873 3293 neque
893 3211 1003 3274 labore
1017 3214 1069 3279 fir·

53 3294 143 3359 mari:
164 3316 221 3380 per
235 3296 402 3362 illecebras
416 3295 506 3359 urbis
521 3305 554 3359 et
568 3294 740 3359 inhonesta
754 3295 854 3377 dictu,
865 3314 981 3380 corpus
993 3298 1068 3380 otio,

54 3376 188 3446 ouimum
204 3380 393 3447 libidinibus
417 3379 665 3445 imminuebant.
710 3381 885 3462 Postremb,
899 3401 941 3447 ne
955 3385 1070 3449 salutis

54 3463 173 3541 quidem
187 3485 275 3547 cura,
294 3464 470 3531 infamibus
483 3466 633 3532 Vaticani
656 3466 736 3530 locis
751 3487 870 3554 magna
884 3487 957 3551 pars
971 3478 1070 3535 teten-

56 3543 115 3614 dit:
134 3552 220 3617 unde
234 3553 354 3620 crebrae
376 3550 410 3614 in
427 3552 549 3639 milgus
572 3562 700 3618 mortes.
744 3553 798 3634 Et,
822 3552 988 3633 adjacente
1009 3554 1069 3618 Τί·

56 3629 122 3715 beri,
136 3638 374 3703 Germanorum
390 3637 628 3720 Gallorumque
643 3638 784 3702 obnoxia
802 3638 922 3700 morbis
936 3655 1070 3715 corpora

55 3713 188 3790 firmuis
201 3723 339 3790 auditas
353 3732 385 3787 et
399 3722 494 3790 aestds
510 3723 710 3806 impatientia
731 3720 887 3786 labefecit.
930 3720 1068 3798 Insuper
