2392 4050
62 187 97 253 b
112 190 144 255 C.
157 189 220 278 694
333 189 484 255 Hrsaoru
498 188 577 256 Lm.
593 189 771 257 Tanatus.
999 189 1062 256 123

62 379 149 424 auum
163 360 313 427 anteibat
357 361 402 426 Et
416 361 604 428 credebatur
625 363 771 428 affectam
791 361 861 444 ejus
874 361 971 427 iidem
984 381 1065 448 prte-

58 443 176 530 juvisse,
185 447 282 511 domo
291 449 439 532 agrisque
449 448 574 534 pignori
586 450 734 533 acceptis.
766 449 1065 532 Undc',quanquam

61 544 197 597 manente
212 533 246 596 in
261 533 400 615 speciem
420 534 600 614 concordii,
615 534 811 617 offensarum
824 544 934 618 operta
948 545 1067 599 metue·

60 616 173 682 bantur.
215 618 332 682 Melior
355 616 590 703 interpretatio:
615 619 745 693 ‘mitem
768 619 874 684 virum
896 619 1066 687 abhorrere

60 703 239 790 asanguiue
253 716 285 767 et
306 704 465 768 caedibus:
488 705 588 790 ebque
613 706 734 769 crebris
758 724 835 770 cum
849 705 979 770 Vitellio
1001 724 1066 768 ser·

59 787 196 853 monibus
217 788 258 853 de
280 808 368 872 pace,
391 792 612 874 ponendisque
637 810 693 873 per
717 790 935 856 conditionem
957 788 1065 870 armis,

59 873 186 969 agitare!
228 875 322 958 Sapie
337 875 424 939 dorni
439 877 611 963 congressi,
633 876 793 959 postremo
810 876 845 940 in
859 875 929 940 rede
944 874 1066 959 Apolli-

58 975 108 1039 nis,
122 970 158 1023 ut
179 959 265 1024 sama
285 960 356 1041 suit,
377 980 416 1044 pe
439 961 535 1048 igere.
580 963 856 1059 Verba‘vocesque
870 962 952 1025 duos
971 970 1066 1025 testes

60 1041 215 1125 habebant,
232 1044 389 1110 Cluvium
433 1048 528 1112 ulum
548 1057 579 1110 et
601 1047 721 1110 Silium
743 1048 903 1112 Italicum.
947 1048 1066 1111 Vultus

58 1131 160 1210 procul
175 1130 354 1213 visentibus
369 1135 579 1198 notabantur:
604 1131 725 1197 Vitellii
748 1132 907 1219 projectus
928 1142 959 1197 et
972 1132 1067 1219 dege-

58 1232 124 1296 uer;
146 1216 288 1282 Sabinus
303 1236 370 1282 nou
385 1216 544 1283 insultans
558 1229 590 1282 et
605 1216 926 1303 miserautilpropio'u’

93 1300 212 1367 LXVI.
235 1301 335 1373 Qubd
362 1302 390 1365 si
413 1313 481 1368 tam
505 1304 601 1371 facile
620 1323 755 1368 suorum
779 1313 901 1368 mentes
926 1302 1067 1367 flexisset

59 1385 210 1468 Vitellius,
224 1384 323 1471 quim
341 1388 409 1472 ipse
430 1401 576 1469 cesserat,
598 1389 803 1456 incruentam
816 1389 937 1453 Urbem
952 1390 1067 1474 Vespa·

58 1471 132 1536 simi
150 1474 311 1538 exercitus
334 1473 492 1541 intrasset.
536 1476 694 1554 Getarum,
715 1487 753 1540 ut
776 1473 913 1558 quisque
936 1475 1067 1540 Vitellio

58 1555 143 1640 fidus,
159 1559 205 1623 ita
218 1579 332 1642 pacem
345 1570 377 1624 et
398 1562 595 1647 conditiones
610 1563 800 1641 abnuebant,
824 1559 1012 1624 ‘discrimen
1028 1579 1068 1624 ac

57 1640 196 1710 dedecus’
210 1655 414 1728 ostentantes,
436 1646 599 1712 ‘etfidem
619 1646 955 1725 inlibidineuictoris.
998 1646 1069 1710 Nec

27 1736 171 1794 ·tantam
208 1732 404 1814 Vespasiano
423 1733 613 1817 superbiam,
641 1743 678 1795 ut
707 1733 870 1815 privatum
899 1730 1069 1796 Vitellium

58 1826 231 1895 pateretur:
254 1835 296 1880 ne
310 1817 412 1882 victos
433 1818 566 1902 quidem
580 1821 712 1883 laturos.
755 1818 804 1880 lta
825 1815 1005 1900 periculum
1027 1835 1070 1881 ex

57 1899 277 1999 miseneouiii.
319 1903 432 1985 Ipsum
446 1906 523 1969 sane
538 1923 657 1981 senem,
682 1912 714 1965 et
736 1901 895 1985 prosperis
916 1899 1071 1965 adversis·

56 2001 113 2067 que
126 1985 293 2066 satiatum(
331 1987 397 2055 Sed
417 1989 504 2073 quod
519 2007 648 2068 nomen,
663 2007 760 2071 quem
774 1997 892 2052 statum
907 1985 975 2051 filio
989 1986 1069 2068 ejus,

59 2071 255 2155 Germanico,
271 2073 363 2139 foret
408 2075 505 2141 Nunc
522 2075 693 2160 pecuniam
706 2084 737 2139 et
752 2072 909 2138 familiam
919 2082 952 2136 et
961 2072 1070 2136 beatos

58 2155 237 2241 Campania
258 2160 354 2224 sinus
365 2161 525 2245 promitti:
547 2159 612 2239 sed,
634 2159 691 2224 ubi
705 2159 882 2244 Imperium
904 2158 1071 2241 Vespasia·

57 2258 114 2306 nus
128 2245 289 2327 invaserit,
304 2265 370 2310 non
385 2246 455 2331 ipsi,
471 2263 536 2311 non
552 2246 664 2311 amicis
679 2244 758 2327 ejus,
773 2264 839 2309 nou
855 2245 993 2328 denique
1015 2263 1071 2308 ex·

58 2329 203 2394 ercitibus
217 2330 429 2414 securitatem,
451 2331 515 2397 nisi
530 2332 688 2397 exstincto
706 2332 871 2411 aemulatu,
886 2330 1070 2395 redituram.

60 2412 191 2480 Fabium
210 2414 276 2479 illis
292 2417 470 2498 Valentem,
485 2418 651 2501 captivum
665 2436 683 2478 e
710 2416 838 2481 casibus
851 2416 958 2480 dubiis
988 2433 1071 2479 eser·

58 2510 172 2579 vatum,
195 2520 391 2592 praegravem
405 2503 523 2567 fuisse:
542 2501 667 2584 nedum
726 2499 811 2565 imus
825 2522 863 2567 ac
887 2502 975 2565 Fuso
999 2518 1025 2582 s,
1039 2512 1072 2565 et
1171 2519 1172 2540 ¹

59 2586 225 2666 apectmm
238 2587 379 2672 partium
392 2587 575 2669 Mucianus,
590 2589 694 2651 ullam
708 2586 742 2650 in
755 2586 933 2667 Vitellium,
945 2584 1008 2650 uisi
1018 2604 1071 2650 oc·

60 2669 190 2751 ridendi,
205 2673 368 2738 licentiam
394 2673 541 2738 habeant.
585 2674 660 2738 Non
684 2694 704 2737 a
729 2674 856 2738 Caesare
870 2669 1071 2755 Pompeium,

60 2770 120 2819 non
136 2758 175 2821 ab
188 2760 337 2845 Augusto
352 2758 534 2825 Antonium
548 2761 727 2825 incolumes
742 2759 869 2832 relictos
882 2780 890 2823 :
911 2757 975 2821 uisi
989 2756 1071 2821 forte
1091 2781 1101 2796 ⁸

65 2838 268 2925 Vespasianus
293 2844 420 2910 altiores
443 2844 574 2928 spiritus
589 2855 687 2932 geret,
710 2845 850 2925 Vitellii,
862 2839 985 2932 cliens(
997 2843 1094 2908 cirm-

61 2924 203 2994 Vitellius
217 2931 344 3017 collega
358 2929 495 2995 Claudio
521 2930 610 2996 foret.
654 2931 759 3010 Quia,
773 2941 811 2994 ut
833 2921 1004 2993 censuram
1017 2947 1071 3012 pa-
1093 2956 1101 2974 ·

62 3010 123 3093 tris,
137 3025 173 3077 ut
194 3026 258 3079 tres
280 3017 493 3092 Consulatus,
510 3027 547 3080 ut
573 3027 618 3081 tot
632 3016 771 3100 egregia
793 3014 907 3079 domus
933 3014 1094 3078 honores.

43 3093 186 3182 'deceret
207 3100 426 3200 desperatione
447 3096 618 3186 salt'empin
641 3100 810 3164 audaciam
831 3101 1087 3185 accingereturz,

63 3195 192 3261 perstare
204 3186 347 3265 militem,
363 3186 648 3272 superesse‘studia
661 3185 785 3271 populi:
826 3185 975 3269 Denique
986 3186 1090 3253 nihil-

64 3270 193 3338 atrocius
207 3283 408 3350 eventurum,
423 3272 521 3356 quim
536 3273 569 3336 in
579 3272 667 3355 quod
677 3281 789 3354 sponte
799 3282 912 3336 ruant:
935 3271 1072 3338 morien·
1090 3311 1096 3322 ·

65 3347 137 3419 dum
149 3359 251 3437 victis,
267 3356 469 3423 moriendum
483 3357 616 3422 deditis:
638 3358 671 3422 id
685 3359 792 3422 solum
801 3357 922 3438 referre,
938 3359 1073 3424 novbsi·
1093 3385 1099 3396 ·

66 3453 147 3506 mum
155 3445 302 3528 spiritum
315 3462 371 3529 per
383 3442 559 3508 ludibrium
572 3454 604 3507 et
619 3442 830 3508 contumelias
841 3442 1016 3523 effundant,
1027 3463 1071 3511 an
1087 3494 1094 3506 .

65 3537 114 3603 per
148 3529 274 3595 litatem

104 3614 130 3679 L
206 3617 252 3681 l
303 3612 367 3677 rdoe
386 3614 427 3679 ad
447 3612 540 3679 fortia
561 3614 697 3679 consilia
711 3612 839 3677 Vitellio
862 3631 964 3675 eures.
1007 3614 1093 3675 Ob·-

69 3701 206 3766 ruebatur
228 3701 356 3765 animus
382 3700 585 3763 miseratione
609 3699 760 3781 carique,
784 3715 835 3773 ue,
857 3692 1095 3776 pertinacibus·

69 3787 164 3870 trinu,
178 3787 282 3855 minus
297 3783 489 3874 placabilem
502 3783 659 3870 victorem
680 3781 875 3862 relinqueret
888 3774 1019 3856 conjugi
1033 3792 1073 3837 ac
1087 3828 1095 3844 .
