2392 4050
83 117 117 179 Δ.
132 112 239 204 Qud]
368 115 519 183 Hieron.
535 115 614 181 Lm.
630 114 783 179 Parnes.
1042 115 1084 178 19

81 287 208 436 gloriam
234 289 275 355 ed
304 287 526 372 Principatum
548 288 663 367 attulit,
686 285 751 353 uisi
773 284 873 350 occisi
899 284 1085 351 Obultronii

104 373 184 437 abini
203 386 235 436 et
249 375 393 439 Cornelii
417 374 562 438 Marcelli
587 374 623 438 in
646 372 812 456 Hispanii,
828 371 923 436 Betui
939 373 1085 437 Chilonis

19 530 20 545 ,
81 457 112 521 iu
125 459 237 544 Gallie,
252 459 381 526 Fonteii
400 459 567 544 Capitonis
588 460 624 524 in
646 457 829 541 Germanii,
853 457 960 523 Clodii
981 457 1085 522 Macri

19 560 20 563 ’
81 542 235 628 inAfrici,
248 547 310 610 Gin
333 545 400 610 onIi
417 544 453 609 in
467 545 531 626 rid,
545 545 732 627 Turpiliani
746 543 782 608 in
792 544 881 625 urbe,
894 542 1085 627 Nymphidii

81 625 112 692 in
131 632 260 695 castris?
340 653 392 695 uae
414 650 554 714 usquam
574 630 752 714 provincia,
776 649 848 714 quae
872 638 976 694 castra
999 638 1084 711 aunt,

19 732 20 775 1
81 715 137 778 nisi
157 728 290 781 cruenta
313 729 345 781 et
366 717 550 782 maculatal
572 727 638 798 aut,
652 726 690 781 ut
712 716 781 798 ipse
804 713 964 798 predicat,
977 734 1085 779 emen-

82 799 149 863 data
168 812 198 865 et
218 805 385 868 conectat
429 804 619 885 Namque
642 802 698 867 elii
721 802 852 882 scelera,
866 800 921 865 hic
944 799 1086 867 remedia

83 897 181 951 uocat:
203 888 283 953 dum
310 888 400 952 falsis
424 889 621 968 nominibus,
647 888 849 952 severitatem
870 906 929 969 pro
951 885 1084 966 sevitio,

81 974 302 1053 parcimoniam
322 992 381 1057 pro
403 975 547 1055 avaritie,
561 973 721 1058 supplicia
741 982 773 1037 et
790 973 1002 1037 contumelias
1016 992 1086 1037 ves·

38 1132 40 1135 .
81 1067 146 1138 tras,
157 1057 362 1142 disciplinam
375 1061 522 1145 appellat.
566 1057 1086 1145 SeptemaNeronisfinemenses

80 1154 203 1221 suntet
220 1144 288 1226 jem
301 1149 376 1230 plue
398 1145 504 1230 rapuit
524 1146 640 1226 Icelus,
662 1146 761 1228 quim
772 1143 861 1228 quod
873 1144 1031 1229 Polycleti
1052 1154 1085 1208 et

37 1261 41 1271 ·
107 1228 191 1292 atinii
205 1241 237 1294 et
252 1232 320 1297 Elii
341 1242 545 1316 paraverunt
589 1231 717 1296 Minora
738 1230 873 1296 avaritie
893 1251 932 1295 ac
953 1230 1085 1295 licentia

19 1374 20 1395 ,
161 1326 232 1388 atus
254 1317 545 1401 essetfl'..„Vinius,
569 1316 598 1382 si
620 1317 688 1402 ipse
713 1315 918 1400 imperasset:
940 1335 1030 1381 nunc
1052 1327 1085 1381 et

19 1414 20 1421 ¹
78 1399 230 1481 subjectos
244 1421 304 1466 nos
320 1382 447 1484 babuit,
462 1415 618 1488 tanquam
640 1420 728 1484 snos,
741 1413 773 1467 et
785 1402 876 1483 viles,
890 1411 928 1466 ut
952 1403 1084 1469 suanos.

19 1556 20 1565 χ
77 1482 148 1548 Una
166 1486 362 1568 illudamus
383 1489 501 1555 suffieit
525 1488 687 1570 donativo,
701 1487 788 1574 quod
801 1487 893 1553 vobis
914 1506 1085 1574 nunquam

19 1566 21 1575 ’
76 1568 172 1650 datur,
186 1582 218 1636 at
231 1573 375 1655 quotidie
395 1575 615 1659 exprobratur.

31 1637 74 1755 ζ
115 1656 307 1723 XXXVIII.
330 1662 406 1747 ‘Ac,
426 1680 469 1725 ne
489 1680 555 1744 qua
575 1661 689 1726 saltem
709 1659 745 1733 in
766 1677 950 1725 successore
971 1660 1085 1725 Garbe

77 1759 142 1824 spes
155 1754 244 1824 esset,
259 1734 397 1810 adceisit‘
404 1742 445 1811 ‘ab
466 1745 574 1827 exilio,
587 1764 686 1829 quem
699 1744 827 1809 tristitid
840 1755 872 1809 et
885 1745 1019 1810 avaritiis
1032 1747 1085 1811 sui

77 1826 272 1894 simillimum
292 1831 467 1911 judicabat
518 1830 662 1910 Vidistis,
687 1829 929 1909 commilitones,
950 1832 1085 1897 notabili

77 1920 252 1996 tempestate
265 1916 364 1980 etiam
385 1917 472 1981 Deos
485 1917 661 1982 infaustam
674 1913 878 2013 adoptionem
890 1927 1084 1983 aversantes.

79 1995 159 2064 Idem
173 2000 319 2083 Senatus,
337 2000 423 2067 idem
436 2001 553 2089 Populi
567 2002 717 2083 Romam,
731 1999 860 2066 animur
872 2011 929 2067 est.
971 2001 1085 2069 Vestra

19 2161 20 2172 ἶ
76 2085 168 2169 ilrtus
182 2098 377 2170 expectatur,
394 2089 479 2173 apud
499 2108 581 2173 quos
595 2107 691 2153 omne
714 2087 857 2152 honestis
878 2088 1021 2155 consiliis
1035 2110 1084 2155 ro·

19 2179 24 2200 ⁵
79 2168 137 2253 bur,
150 2182 184 2233 et
197 2174 266 2238 sine
281 2174 716 2261 quibuaquamviaegregia,
727 2172 965 2240 invalidasuut.
1008 2173 1084 2242 Non

80 2254 247 2323 edbellum
262 2279 326 2347 voa,
338 2278 398 2323 nec
413 2262 455 2324 ed
468 2261 650 2345 periculum
663 2279 745 2325 voco
757 2282 772 2324 ε,
788 2260 935 2324 omnium
945 2261 1098 2328 militum

80 2357 159 2407 uma
179 2345 349 2410 nobiscum
372 2355 458 2410 sunt.
502 2345 571 2411 Nec
592 2364 662 2410 una
678 2345 794 2409 cohors
815 2354 923 2432 togata
943 2345 1085 2411 defendit

80 2437 159 2493 nunc
175 2431 322 2511 Galbam,
337 2430 394 2495 sed
408 2430 537 2497 detinet.
581 2432 666 2497 Cum
679 2450 738 2496 ros
751 2431 919 2514 aspexerit,
934 2432 1007 2496 cbm
1020 2432 1085 2518 aig·
1165 2451 1169 2457 ·

80 2527 150 2578 num
165 2534 275 2580 meum
287 2517 455 2601 acceperit,
467 2518 531 2582 hoc
545 2519 652 2583 solum
664 2517 725 2581 erit
734 2528 904 2597 certamen,
917 2519 989 2601 quis
1002 2518 1084 2582 mihi

80 2597 247 2677 plurimum
268 2601 413 2687 imputet.
457 2604 578 2668 Nullus
604 2600 803 2667 cunctationi
824 2602 915 2666 locus
935 2604 1031 2668 estin
1045 2611 1084 2669 eo

81 2686 214 2766 ansiuo,
228 2689 316 2769 quod
329 2707 396 2753 non
411 2698 513 2773 potest
533 2687 668 2769 laudari,
692 2687 756 2752 nisi
777 2689 961 2770 peractum?
1002 2690 1086 2773 Ape·

83 2766 130 2833 rire
153 2771 270 2837 deinde
294 2774 578 2841 armamentarium
601 2773 716 2856 jussit:
749 2784 839 2856 rapte
865 2774 973 2839 statIm
995 2795 1085 2840 arma

83 2852 138 2920 aine
152 2877 241 2923 more
255 2869 287 2923 et
300 2859 413 2924 ordine
427 2860 560 2941 militie,
581 2872 620 2925 ut
642 2859 850 2946 praetorianus
872 2869 929 2923 aut
943 2860 1084 2945 legiona-

19 3003 20 3008 ,
83 2938 135 3005 ritu
157 2943 340 3030 insignibus
354 2946 422 3009 suis
436 2945 704 3033 distingueretur:
727 2945 902 3010 miscentur
924 2946 1087 3023 mixiliari·

83 3020 129 3088 bus
137 3029 238 3116 galeis
246 3030 419 3114 scutisque.
462 3032 564 3097 Nullo
574 3031 798 3096 Tribunorum
812 3032 1086 3098 Centurionumve

84 3108 262 3198 adhortante,
277 3115 337 3180 sibi
355 3117 492 3202 quisque
506 3116 574 3182 dux
588 3127 620 3180 et
634 3116 819 3202 Instigator:
840 3125 872 3181 et
885 3116 1095 3202 precipuum.

84 3202 280 3274 pessimorum
290 3202 544 3285 incitamentum,
558 3203 645 3286 qubd
658 3202 734 3266 boni
746 3202 932 3267 moerebant.

49 3303 57 3336 t
104 3283 278 3374 ¹XXXIX.
301 3289 375 3353 Iam
388 3289 556 3355 exterritus
572 3289 647 3353 Piso
668 3284 797 3352 fremitu
812 3288 1023 3353 crebescentis
1037 3311 1085 3355 se·

85 3360 206 3453 ditionis,
220 3373 400 3438 atrocibus
422 3374 456 3439 in
473 3376 587 3440 urbem
607 3393 709 3457 usque
730 3373 959 3455 resonantibus,
981 3396 1084 3461 egres·

85 3465 144 3519 tum
154 3457 282 3523 interim
296 3460 444 3542 Galbam,
458 3471 490 3524 et
503 3460 572 3525 foro
582 3459 902 3544 appropinquantem,
917 3472 1083 3526 assecutus

87 3548 153 3630 etat:
170 3543 237 3625 jam
250 3545 374 3609 Marius
395 3547 509 3612 Celsus
530 3545 620 3610 haud
642 3547 714 3610 laets
734 3546 905 3610 retulerat:
926 3547 1000 3611 crim
1018 3548 1082 3625 elii,

88 3625 130 3686 ‘tn
146 3630 298 3710 palatium
318 3631 421 3698 redire
430 3634 448 3717 ;'
455 3700 457 3703 ,
469 3631 535 3717 alii,
556 3631 762 3718 ‘capitolium
782 3632 916 3717 petera3’
938 3631 1083 3715 plerique
