2392 4050
76 144 111 211 A„
126 143 162 208 O.
178 141 243 235 tu]
355 143 508 210 H1sron.
522 142 603 209 Lre.
619 142 805 214 Quassus.
1022 142 1085 209 173

74 316 137 381 lum
147 315 243 380 etiam
257 315 297 378 ab
307 315 447 402 ignaris,
458 314 671 382 strenuissimi
682 314 841 398 cujusque
851 314 995 400 periculo
1004 314 1083 400 geri,

69 401 193 485 jamque
208 420 303 485 super
324 411 423 484 caput
445 403 608 488 legiones,³
629 399 904 485 sapientissimum
921 419 1083 483 quemque

71 486 243 552 reverentii
257 486 393 569 fidoque,
415 485 559 568 juniores
613 487 716 551 riculo
736 505 774 550 ac
788 495 886 564 metu,
911 485 1082 550 continuit.
1162 500 1163 505 ’

71 571 111 636 Et
131 571 294 652 Valentini
315 573 462 638 animum
476 574 572 638 lauda
637 583 658 650 t,
684 571 858 638 consilium
871 570 1023 653 Auspicis
1036 590 1084 635 se-

41 730 43 735 ,
68 659 253 740 quebantur.
297 659 439 737 Constat,
461 658 620 723 obstitime
639 657 793 723 Treveris
815 656 1082 743 Lingonibusque

68 743 149 826 apud
162 743 298 826 Gallias,
322 742 419 827 qued,
435 743 581 808 Vindicis
594 753 693 824 motu,
714 762 792 808 cum
814 742 966 828 Verginio
991 752 1083 805 stete·

67 839 142 892 rant.
179 829 772 913 Deterruitplerosqueprovinciarum
781 827 964 894 aemuletior
980 827 1081 911 ‘quod

67 913 144 979 bello
156 917 279 997 reputt
302 913 389 978 unde
400 915 456 995 jus
466 914 711 998 auspiciumque
724 914 907 998 petereturl
928 933 1037 996 quam,
1051 913 1081 977 si

65 1009 175 1064 cuncta
189 1001 424 1084 provenissent,
435 999 544 1065 sedem
553 1000 692 1083 Imperio
703 1000 879 1083 legerentl'
923 997 1080 1064 Nondum

65 1085 201 1166 victoria,
213 1085 284 1169 jem
298 1085 458 1150 discordia
468 1095 554 1151 crat:
577 1085 651 1149 aliis
661 1083 790 1165 ioedera,
800 1085 992 1168 quibusdam
1002 1103 1079 1167 opes

65 1169 216 1254 viresque,
232 1183 290 1236 aut
303 1182 495 1237 vetustatem
507 1171 651 1259 originis,
672 1190 729 1254 per
747 1169 856 1257 jurgia
875 1170 1079 1251 jactantibus.

64 1254 173 1321 'Vedio
199 1257 385 1323 futurorum
408 1258 576 1341 presentie
599 1257 762 1340 placuere.
819 1256 1012 1322 Scribuntur
1034 1254 1078 1321 ad

66 1339 220 1408 Tievercs
250 1342 404 1426 epistolae,
432 1342 564 1408 nomine
589 1340 780 1423 Galliarum,
806 1349 861 1405 ‘ut
883 1341 1080 1407 abstinerent

63 1427 161 1508 armis,
173 1427 366 1512 impetrabili
378 1427 474 1491 venii
487 1438 519 1491 et
533 1429 651 1512 paratis
662 1426 928 1513 deprecatoribus,
939 1428 967 1491 si
977 1427 1078 1510 praui·

62 1517 150 1578 teret’
204 1513 334 1580 Restitit
358 1512 445 1577 idem
465 1513 664 1593 Valentinus,
693 1513 914 1596 obstruxitque
937 1513 1076 1577 civitatis

63 1615 242 1681 suasores,
257 1598 346 1662 bend
361 1596 493 1682 perinde
507 1598 695 1664 instruendo
708 1599 794 1664 bello
813 1599 965 1682 intentus,
978 1600 1077 1685 quim

62 1682 205 1766 frequens
221 1684 441 1749 concionibus

100 1770 206 1838 LXX.
231 1770 334 1854 Igitur
356 1788 423 1833 non
445 1768 592 1848 Treveri,
608 1786 713 1852 neque
735 1768 899 1852 Lingones
919 1778 1075 1835 ceteraere

63 1855 228 1921 rebellium
242 1848 395 1937 civitates,
410 1873 468 1938 pro
490 1853 713 1952 magnitudine
726 1855 866 1938 suscepti
879 1853 1074 1918 discriminis

63 1956 158 2036 apere.
203 1941 255 2006 Ne
267 1941 376 2007 Duces
389 1940 522 2024 quidem
545 1959 579 2003 ru
593 1959 699 2004 unum
721 1941 898 2004 consulere.
942 1938 1006 2004 Sed
1022 1941 1076 2004 Oi·

62 2026 131 2090 nlis
152 2029 229 2094 avia
243 2028 416 2113 Belgarum
438 2027 645 2093 circumibat:
666 2024 746 2091 dum
763 2026 938 2091 Claudium
953 2024 1075 2091 Labeo·

63 2126 132 2177 nem
145 2133 260 2199 capere
274 2125 331 2177 aut
350 2114 520 2178 exturbare
534 2112 655 2178 nititur.
699 2112 872 2191 Classicus,
886 2131 985 2199 segne
1007 2113 1074 2196 ple-

62 2212 191 2282 rumque
220 2198 324 2263 otium
346 2199 484 2278 trahens,
510 2200 600 2264 velut
625 2208 715 2282 parto
740 2198 874 2281 imperio
895 2196 1071 2264 fruebatur.
1120 2199 1126 2212 ’

63 2278 107 2345 Ne
122 2283 230 2349 Tutor
243 2282 376 2367 quidem
385 2283 556 2349 maturavit
567 2284 764 2370 superiorem
775 2285 957 2349 Germania
968 2284 1073 2367 ripam

62 2375 90 2428 et
103 2369 203 2435 ardua
216 2369 352 2453 Alpium
365 2369 519 2452 presidiis
532 2369 690 2435 claudere.
734 2371 839 2452 Atque
852 2369 980 2435 interim
992 2388 1072 2434 arna·

61 2452 241 2520 etvicesime
261 2455 344 2540 legio
361 2453 564 2534 Vindonissi,
590 2454 747 2520 Sextilius
767 2455 864 2519 Felix
878 2472 953 2518 cunr
969 2454 1073 2519 auxil·

62 2534 143 2602 iuriis
154 2539 339 2605 cohortibus
350 2559 406 2624 per
414 2538 574 2606 Rhaetiam
585 2539 739 2623 irrupere.
781 2539 926 2605 Accessit
937 2541 989 2604 ala
998 2539 1072 2606 Sin·

61 2625 226 2705 galerium,
240 2626 347 2690 excita
360 2625 438 2690 olim
452 2646 472 2690 a
486 2625 626 2706 Vitellio,
638 2625 755 2690 deinde
777 2624 812 2689 iu
828 2635 931 2709 partes
953 2626 1070 2709 Vespa·

61 2706 136 2773 sioni
158 2720 366 2809 transgressa.
424 2712 564 2777 Praeerat
587 2711 696 2777 Julius
719 2712 932 2797 Briganticus,
960 2731 1090 2778 sorore·

62 2792 170 2887 Sivilis
184 2808 321 2883 gemtus,
335 2805 373 2861 ut
382 2794 484 2864 ferme
496 2799 649 2864 acerrima
664 2797 880 2882 proximomm
893 2797 968 2861 odia
981 2807 1067 2879 sunt,

60 2879 179 2946 invisus
194 2882 358 2947 avunculo
383 2880 601 2967 infensusque.
644 2881 750 2949 Tutor
772 2882 992 2947 Treverorum
1016 2902 1068 2947 co-

60 2961 132 3044 pias,
157 2968 276 3033 receuti
302 2967 516 3052 vangionum,
538 2969 753 3049 caracutium,
777 2968 995 3032 Tribocorum
1015 2968 1068 3033 de·

60 3046 138 3116 lectu
151 3063 271 3133 aucus,
291 3063 442 3118 veterano
456 3053 561 3138 pedite
580 3064 676 3136 atque
698 3054 803 3137 equite
824 3052 976 3132 firmavit,
998 3072 1067 3119 cor·

61 3137 153 3217 ruptis
166 3157 231 3221 spe,
246 3150 302 3203 aut
317 3149 403 3204 metu
426 3139 566 3204 subactis
591 3138 622 3202 le
646 3138 795 3203 ionariis:
817 3137 874 3219 qui
896 3136 999 3221 primb
1014 3159 1067 3207 co·

61 3214 186 3314 hortem,
206 3224 407 3309 praemissam
419 3245 439 3289 a
453 3224 588 3290 Sextilio
639 3223 729 3304 elice,
749 3220 965 3302 interficiunt3
989 3248 1066 3297 mox

61 3303 110 3366 ubr
124 3306 231 3374 Duces
241 3310 461 3396 exercitusque
475 3309 641 3376 Romanus
655 3309 918 3393 propinquabant,
930 3311 1066 3383 honesto

60 3391 228 3492 transfugio
249 3394 392 3461 rediere:
414 3395 532 3461 secutis
554 3395 703 3461 Tribocis
725 3394 1010 3480 Vangionibusque
1032 3412 1065 3466 et

61 3470 265 3546 Garucstrbus.
310 3481 425 3566 Tutor,
438 3481 601 3547 'Treveris
618 3481 851 3562 comitantibus,
873 3481 972 3546 vitato
995 3485 1064 3549 Ma·

59 3562 207 3707 ppntiaco,
230 3566 385 3664 Bingium
412 3568 577 3647 concessit,
607 3564 709 3631 fidens
732 3569 804 3632 loco
828 3566 906 3647 quie
932 3579 1064 3647 pontem

91 3664 155 3717 tre
174 3651 319 3742 fluminis
341 3655 519 3739 abruperat,
528 3652 595 3802 lspd
616 3653 750 3718 incursu
771 3648 962 3729 cohortium,
982 3670 1064 3731 quas
