2392 4050
136 160 180 231 96
492 134 812 229 G.Gca1t.'l'rcrrr
955 161 1008 249 [A.
1022 160 1064 227 U.
1078 160 1142 227 822.

134 333 201 405 sed
212 333 345 402 Primus
353 355 392 402 ec
404 334 518 415 Varus,
533 322 730 417 occupantis
742 332 900 417 Aquileiae
911 334 1060 418 proxime
1071 354 1144 418 qua

133 442 208 508 qne,
219 431 251 485 et
266 421 423 507 Opitergii
434 431 466 484 et
478 420 581 485 Altini
597 419 806 486 latisanimis
821 420 1044 504 accipiuntur:
1065 422 1145 485 relie-
1177 420 1178 469 l

134 520 206 573 tum
234 507 337 572 Altini
365 506 550 592 presidium
579 505 732 569 adversus
758 507 895 570 classem
922 507 1144 587 Ravennatem,
1177 472 1179 543 i

134 592 281 659 nondum
293 592 474 658 defectione
483 590 554 673 ejus
567 590 696 655 audita:
720 590 797 655 inde
813 591 984 656 Patavium
999 603 1033 656 et
1047 595 1145 657 Ateste
1177 608 1178 651 ι

208 679 278 744 'bus
292 678 489 760 adjunxere:
512 677 580 742 illic
594 677 773 762 cognitum,
789 684 870 740 ‘tres
894 678 1085 742 Vitellianas
1103 697 1145 740 cn

158 776 242 829 ortes
256 774 289 829 et
304 765 399 845 alam,
422 764 477 828 cui
491 763 684 828 Sebonianae
700 781 829 842 nornen,
847 762 888 825 ad
903 762 1009 827 sonim
1025 761 1145 841 Allicni,

133 862 230 935 ponte
249 849 374 932 juncto,
394 848 594 915 consedisse!
638 848 767 914 Placuit
781 848 905 913 occasio
916 848 1094 913 invadendi
1107 848 1146 910 iu·

133 936 298 1000 curicaos:
321 954 398 1000 narn
412 934 445 1000 id
463 952 594 1019 quoque
613 935 839 1001 nuntiabatur:
861 935 935 998 luce
952 935 1061 1017 primi
1075 935 1146 998 iuer-

132 1040 202 1085 mos
218 1023 386 1104 plerusque
398 1020 593 1105 oppressere.
637 1018 840 1100 Praedictum,
857 1027 920 1099 ‘ut,
935 1020 1052 1101 paucis
1064 1021 1147 1083 inter-

135 1105 236 1186 iectis,
257 1120 377 1172 ceteros
399 1125 516 1190 pavore
533 1105 575 1168 ad
592 1105 782 1170 mutandam
802 1104 902 1168 fidem
923 1115 1079 1190 cogerent
1087 1106 1103 1169 :’
1121 1114 1146 1169 et

135 1191 154 1255 i
173 1191 234 1271 dre,
255 1192 311 1274 qui
326 1210 360 1256 se
374 1192 481 1256 atatim
495 1190 666 1256 dederent:
689 1192 807 1275 plures,
829 1191 1146 1275 abruptqpontain·

19 1212 331 1491 fintihnsti
345 1278 434 1353 viam
449 1278 658 1341 abstulerunt.

181 1363 252 1427 vll.
284 1362 424 1448 Vulgata
444 1349 589 1441 victurii,
611 1373 682 1444 post
702 1361 861 1445 principia
881 1361 958 1426 belli
977 1360 1147 1427 secundina

136 1448 322 1528 Flavianus,
337 1448 412 1512 duae
425 1449 454 1511 le
481 1448 577 1525 unes,
603 1447 739 1530 septima
753 1447 923 1526 Galbiana,
938 1447 1148 1510 tertiadecima

135 1534 285 1615 Gemina,
310 1553 388 1598 cum
406 1534 452 1598 Vc
476 1533 507 1595 io
531 1532 659 1615 Aquila,
683 1534 812 1618 Legata,
839 1532 1013 1597 Patavium
1034 1535 1145 1597 alacres

135 1619 290 1684 veniunt:
313 1619 356 1682 ibi
377 1618 470 1702 pauci
491 1616 559 1681 dies
579 1616 621 1680 ad
640 1619 785 1701 requiem
801 1618 918 1698 sumti:
940 1628 972 1681 et
987 1619 1146 1683 Minucius

135 1705 257 1785 iustus,
281 1703 455 1786 Praefectus
475 1712 655 1766 castrorum
677 1703 813 1791 legionis
827 1703 977 1786 septimae,
1002 1705 1084 1788 quia
1103 1702 1146 1768 ad·

134 1790 270 1872 ductlne,
281 1796 380 1874 quarn
391 1790 481 1855 civili
494 1790 587 1869 bello,
601 1788 810 1871 imperitabat,
822 1789 1001 1854 subtractus
1015 1790 1146 1855 militum

134 1875 199 1957 ira,
222 1875 263 1941 ed
277 1875 512 1959 Vespasianum
526 1875 646 1940 missus
660 1885 716 1938 est.
760 1873 948 1939 Desideratn
957 1875 1017 1939 diu
1029 1895 1090 1953 res,
1107 1872 1145 1937 in·

112 2020 118 2041 ,
134 1962 357 2046 terpretatione
372 1961 495 2048 gloriae,
517 1959 551 2023 in
567 1958 673 2041 majus
688 1960 852 2044 accipitur,
874 1971 1046 2045 postquam
1061 1961 1145 2024 ‘Gal-

133 2049 182 2114 bae
197 2048 364 2133 imagines,
386 2045 546 2110 discordia
562 2057 743 2129 tempomm
756 2047 936 2125 subversas,
955 2050 989 2110 in
1004 2048 1145 2111 omnibus

134 2133 322 2216 municipiis
344 2132 451 2196 recoli'
470 2129 566 2212 jussit
591 2132 775 2197 Antonius:
797 2132 951 2197 deccmm
974 2151 1034 2216 pro
1058 2130 1145 2198 causi

83 1938 110 1989 ll

518 2303 522 2311 ι

133 2229 232 2298 ratus,
254 2218 282 2281 si
298 2220 422 2300 placare
439 2216 550 2298 Galba
566 2216 771 2299 Principatus
785 2229 818 2282 et
837 2230 943 2301 partes
962 2218 1083 2283 revises

132 2303 347 2369 crederentur.
404 2335 406 2357 ÷
712 2320 716 2329 ·
1006 2332 1010 2339 ·
1047 2233 1145 2452 Q

178 2389 267 2455 VIII.
296 2387 483 2474 Quesitum
505 2386 589 2473 inde,
619 2394 708 2471 ‘quae
733 2388 824 2453 sedes
848 2388 933 2451 bello
957 2387 1047 2474 leger
1067 2398 1116 2452 tur

134 2477 279 2541 ‘Verona
295 2475 403 2559 potiur’
426 2475 504 2553 visa,
528 2474 727 2555 ‘patentibus
741 2475 865 2559 circum
882 2473 1004 2557 campis
1019 2474 1061 2537 ad
1076 2492 1146 2558 pug-

132 2561 421 2642 numequestrem,'
442 2559 756 2641 qnbpraevalebaut:
778 2558 886 2640 simul,
909 2558 1090 2624 ‘coloniam
1103 2578 1145 2622 cn

133 2647 195 2731 piis
209 2645 360 2724 validam,
383 2644 507 2718 auferre
523 2644 663 2723 Vitellio,
685 2645 719 2708 in
736 2664 804 2709 rem
818 2643 849 2708 la
903 2645 1011 2727 mque'
1026 2645 1146 2708 videba-
1177 2649 1178 2734 l

133 2743 195 2800 tur.
239 2731 390 2798 Possesse
411 2731 480 2813 ipso
494 2729 629 2816 transitu
645 2730 787 2795 Vicetia:
808 2749 853 2814 qu
918 2724 976 2813 per
990 2749 1025 2793 se
1038 2734 1144 2812 perum
1177 2747 1178 2750 ’

132 2816 267 2905 (etenim
280 2815 413 2881 modicae
429 2813 605 2896 municipio
619 2810 718 2899 airas)
740 2814 850 2902 magui
872 2815 1027 2906 mquqenti
1043 2817 1145 2898 locum

132 2902 280 2983 obtinuit,
291 2900 522 2984 reputantibus,
538 2899 622 2964 ‘illic
635 2900 798 2971 (lucinam
805 2900 964 2987 genitum,
976 2894 1146 2984 e't'patriem

83 3012 97 3078 q
132 2990 276 3053 hostium
295 2988 381 3053 Duci
401 2977 561 3069 ereptam)
605 2986 644 3051 ln
659 2980 898 3051 lerinensibus
917 2986 1058 3069 pretium
1072 2984 1144 3078 suit:

95 3093 104 3128 r
131 3076 281 3157 exemplo
301 3074 608 3157 opibusquepartes
627 3070 751 3151 juvere.
779 3072 841 3151 ,Et
853 3069 1045 3156 ‚interjectus
1064 3088 1146 3135 exer·

131 3159 216 3224 citus
230 3180 286 3243 per
300 3159 460 3308 lifaetiflm
475 3157 643 3240 Jrrliasque
658 3135 853 3280 Alpesllac}
871 3142 1078 3239 ne⁸pervium
1093 3154 1144 3219 itlt
1167 3223 1169 3229 ,

132 3244 319 3312 Germanici
346 3242 539 3310 exercitibus
551 3242 643 3325 leret,
654 3244 852 3327 obsepserat.
874 3262 946 3325 quae
956 3241 1070 3329 ignara
1078 3242 1145 3306 vae

130 3330 274 3415 parinum
285 3341 345 3395 aut
358 3330 476 3394 vetita:
497 3327 616 3410 qnippe
631 3328 807 3410 ‘Aquileia
817 3328 886 3393 sisti
902 3328 1026 3393 bellum
1039 3345 1144 3411 expet·

131 3416 256 3496 rarique
271 3415 470 3479 Mucianum’
487 3410 628 3491 jubebat,
651 3433 670 3475 a
697 3412 713 3425 ''
739 3415 745 3426 ‘
767 3415 883 3498 batque
898 3414 1034 3497 imperio
1048 3410 1143 3480 cousi·

130 3497 222 3576 lium,
236 3497 386 3580 ‘quando
399 3493 571 3580 AEgyptue,
585 3498 615 3560 cl
660 3515 676 3558 s
707 3518 881 3579 aannnnae,
893 3500 1064 3586 vectigalia
1073 3515 1142 3581 opu·

129 3581 380 3645 lentissimumm
400 3578 640 3661 provinciarum
662 3582 889 3662 obtinerentur,
910 3602 1005 3665 posse
1028 3579 1142 3649 Vitellii

126 3663 306 3728 exercitum
328 3673 467 3747 egestate
487 3661 637 3745 stipendii
656 3663 872 3751 frumentique
891 3667 933 3731 ed
951 3667 1142 3734 deditionem
