2392 4050
159 192 223 261 110
502 195 541 259 Ο.
556 193 669 259 Gonu.
686 191 823 259 Tacrrr
980 195 1030 285 [A.
1046 192 1085 259 U.
1098 193 1164 259 822.

155 367 235 433 tiam
250 365 401 517 Opcinae,
416 366 544 433 vinciri'
562 365 665 450 jubet,
679 366 852 432 substituto
864 365 900 432 in
915 367 1024 432 locum
1037 366 1103 450 ejus
1115 368 1164 432 lll-

201 472 263 517 eno
309 472 374 517 aro.
487 494 489 499 ·

153 454 375 605 PhXXXVII.
410 539 490 603 Mox
517 538 685 618 Senatum,
712 537 888 621 compositi
910 537 945 601 in
970 538 1163 626 magnificen-

153 625 232 690 tiam
246 624 400 705 oratione,
417 626 586 705 allocutus,
603 623 773 706 exquisitis
789 624 922 688 Petrum
937 624 1161 689 adulationibus

153 710 319 775 attollitur.
362 708 496 774 Initium
507 710 624 773 atrocis
639 709 673 773 in
686 710 849 773 Caecinam
860 710 1024 773 sententia
1039 730 1059 773 a
1072 709 1107 774 Ia
1117 709 1162 772 vi-

152 795 243 861 tellio
258 793 397 860 iactum:
419 794 496 859 dein
511 794 618 874 ceteri,
630 796 808 878 composita
821 794 1053 879 indignatione,
1070 793 1158 878 ‘quod

153 882 278 946 Consul
301 879 556 964 Rempubllcarn‚
580 880 660 944 Dux
682 881 920 963 Imperatorem,
941 881 1038 945 tantis
1052 882 1159 964 opibus,

152 977 200 1031 tot
214 966 390 1030 honoribus
411 967 606 1046 cumulatus,
629 967 771 1030 amicum
784 963 993 1050 prodidisset,’
1015 969 1159 1049 velutpro

153 1051 283 1116 Vitellio
297 1064 537 1135 conquerentes,
552 1069 651 1116 suurn
665 1051 810 1115 dolorem
822 1050 1034 1135 proferebant.
1076 1053 1157 1117 Nulla

84 1174 88 1181 ·
150 1135 187 1202 in
198 1136 341 1201 oratione
356 1135 549 1220 cujusquam
562 1156 640 1221 erga
652 1137 828 1200 Flavianos
844 1136 955 1201 Duces
969 1137 1156 1201 obtrectatio:

151 1230 315 1287 ‘errorem
330 1222 642 1306 imprudentiamque
667 1223 878 1286 exercituum'
900 1223 1077 1306 culpantes,
1098 1223 1155 1286 Vas

210 1308 277 1372 iani
292 1327 411 1372 nomen
436 1307 581 1392 suspensi
604 1318 637 1371 et
654 1302 824 1371 vitabundi
839 1306 1063 1374 circumibant.
1102 1308 1154 1372 Nat

150 1327 262 1472 greipan,
277 1393 334 1476 qui
349 1412 454 1457 unum
468 1393 657 1458 consulatus
671 1392 758 1456 diem
772 1392 813 1480 (is
827 1392 917 1457 euim
931 1392 965 1457 in
981 1395 1090 1460 locum
1103 1395 1153 1456 Ga·

150 1479 232 1546 cina
247 1480 423 1565 supererat)
445 1497 563 1565 magno
578 1498 655 1544 cum
677 1478 772 1543 irrisu
787 1476 955 1543 tribuentis
977 1479 1152 1563 accipientis·

171 1585 222 1645 ue,
247 1563 474 1629 eblandiretur.
519 1564 627 1628 Pridie
649 1564 817 1628 Kalendas
843 1563 1036 1629 Novembris
1057 1564 1152 1628 Rosius

147 1586 298 1737 Iegttlus
310 1649 391 1729 iniit,
404 1648 612 1732 ejuravitqua.
650 1649 858 1714 Annotabant
869 1651 971 1731 periti,
985 1657 1150 1733 ‘nunquan

150 1749 254 1815 antea,
280 1754 345 1799 non
362 1737 515 1822 abrogato
538 1735 740 1821 Magistrum,
765 1753 871 1819 neque
886 1736 958 1822 lege
972 1737 1048 1817 lata,
1072 1737 1149 1800 aliun

150 1822 323 1887 suffectum
333 1822 350 1886 :’
372 1834 448 1885 nam
463 1822 576 1884 consul
601 1840 668 1885 uno
689 1821 742 1884 die
756 1830 788 1884 et
802 1820 877 1884 ante
892 1820 997 1886 suerat
1015 1820 1148 1887 Caninius

150 1907 294 1990 Rebilus,
321 1909 357 1971 O.
380 1908 507 1972 Caesare
528 1905 701 1987 Dictatore,
722 1913 795 1972 curn
818 1906 893 1969 belli
915 1907 1023 1973 civilis
1043 1904 1148 1991 pramis

149 1993 386 2061 festinarentur.
1047 2063 1053 2080 .

195 2077 391 2145 XXXVIII.
415 2078 500 2143 Nota
514 2096 570 2160 per
590 2097 645 2142 eos
666 2077 735 2142 dies
756 2078 845 2143 Junii
867 2078 964 2143 Bloesi
984 2082 1069 2145 mors
1082 2073 1147 2141 etla-

151 2183 245 2231 mosa
259 2166 341 2229 fuit:
364 2163 404 2227 de
414 2163 479 2247 qua
494 2163 542 2226 sic
556 2162 749 2246 accepimus.
794 2164 894 2230 Gravi
909 2166 1052 2248 corporis
1061 2161 1145 2229 morbo

150 2269 235 2337 ager
249 2248 407 2328 Vitellius,
424 2247 613 2313 Servilianis
625 2247 736 2328 hortis,
751 2250 866 2314 turrim
877 2249 989 2314 vicino
1004 2252 1092 2315 sitam
1100 2245 1144 2310 col·

149 2336 268 2416 lucere,
281 2354 337 2419 per
348 2344 484 2415 noctem,
497 2334 616 2399 crebris
629 2334 807 2401 luminibus
816 2335 1051 2400 animadvertit.
1083 2332 1143 2399 sca

149 2421 262 2486 citanti
277 2439 417 2500 causam,
437 2420 541 2503 ‘apud
557 2420 722 2483 Gaecinam
737 2421 889 2486 Tuscum
903 2423 1028 2504 epulari
1043 2421 1141 2492 multo,

148 2507 351 2606 praecipuum
372 2506 493 2569 honore
517 2505 654 2570 Junium
678 2504 831 2571 Blaesum'
854 2506 1044 2572 nuntiatur:
1063 2497 1151 2570 oetam

148 2608 183 2657 tn
199 2611 313 2673 majus,
335 2592 375 2655 de
398 2598 582 2673 ‘apparatu
604 2599 637 2653 et
657 2593 770 2656 solutis
791 2592 826 2655 in
841 2590 1011 2657 lascirIam
1025 2588 1121 2657 animis

130 2729 132 2733 ,
148 2696 211 2743 nec
226 2677 366 2756 defuere,
382 2676 438 2758 qui
455 2677 562 2761 ipsum
576 2676 728 2740 Tuscum
742 2687 773 2742 et
787 2677 876 2757 alios,
899 2679 954 2741 sed
970 2673 1120 2758 criminosi=

148 2763 302 2844 Blaesum,
330 2763 522 2842 incusarent,
546 2760 663 2845 ‘qubd,
690 2781 786 2849 aegro,
803 2763 962 2847 Principe,
987 2767 1071 2831 laetos
1109 2757 1114 2766 ’

147 2850 275 2936 ageret)
318 2848 382 2915 Ubi
398 2857 582 2929 asperatum
596 2847 774 2927 Vitellium,
790 2859 821 2912 et
836 2867 928 2932 posse
943 2848 1048 2914 Bloesu
1100 2873 1137 2942 „-

147 2936 330 3017 verti-satis
340 2933 442 3019 patuit
453 2932 501 3013 iis,
512 2933 569 3017 qui
581 2931 772 3016 Principum
782 2934 920 2999 offensas
931 2934 1045 3000 acriter
1087 2941 1136 3024 *p

147 3023 265 3102 lantur,
288 3021 369 3086 datae
385 3019 423 3083 L.
439 3019 569 3083 Vitellio
588 3017 759 3084 delationis
780 3030 894 3104 partes.
938 3021 1029 3085 Illa‘
1081 3027 1135 3079 osus

147 3107 250 3174 Blaeso
262 3105 466 3171 aemulatione
479 3104 588 3188 pravi,
599 3102 687 3187 quod
697 3124 782 3184 eurn,
793 3105 881 3169 omni
892 3104 1046 3171 dedecore
1056 3115 1134 3167 matu
1151 3125 1152 3138 ¹

146 3192 261 3272 losum,
283 3192 412 3278 egregia
428 3190 511 3254 sams
526 3190 674 3270 anteibat,
698 3190 887 3255 cubiculum
902 3188 1092 3274 Imperatoris
1103 3200 1133 3247 rc
1150 3211 1151 3240 2

143 3288 239 3357 serat,
261 3277 367 3342 lilium
381 3276 451 3358 ejus
477 3274 552 3340 sinu
571 3275 761 3358 complexus
781 3287 813 3339 et
832 3276 970 3360 genibus
993 3274 1150 3346 accideustl

148 3381 280 3427 causam
294 3361 494 3426 confusionis
507 3360 677 3442 quaerenti,
701 3369 784 3425 ‘non
799 3382 833 3425 se
847 3362 976 3445 proprio
991 3372 1078 3439 metu,
1090 3366 1131 3417 net

143 3448 195 3510 sui
207 3447 349 3523 auxiium,
359 3446 416 3507 sed
430 3466 487 3529 pro
498 3444 602 3524 fratre,
620 3464 677 3528 pro
689 3446 795 3510 liberis
807 3446 923 3529 fratris,
935 3466 1042 3533 preces
1055 3446 1130 3519 latu·

73 3559 81 3574 ’
143 3548 276 3611 masque
291 3530 445 3592 attulisse.
490 3529 623 3593 Frustra
637 3530 871 3614 Vespasianum
885 3532 998 3614 timeri,
1009 3527 1128 3617 queml⁰I

146 3613 348 3677 Germamcae
360 3611 509 3697 legiones,
521 3623 568 3676 tot
581 3615 757 3697 provincia
769 3618 888 3682 vlrtute
899 3640 937 3683 ac
950 3620 1021 3700 lide,
1034 3621 1128 3681 tunt]m

143 3697 283 3779 denique
305 3705 460 3762 terrarum
475 3717 513 3761 ac
527 3697 625 3761 maris
642 3700 807 3765 immensis
821 3704 940 3787 spatiis,
964 3712 1069 3770 arceat
1101 3692 1126 3757 11¹

1135 3777 1145 4020 l
