2392 4050
119 228 162 292 A.
179 227 217 291 Ο.
233 222 298 311 θέλ]
428 223 579 288 Hrsuou„
594 176 839 291 LmlParuns.
1117 224 1138 289 9

91 342 125 425 Χ
165 393 240 458 XV.
263 394 367 481 Igitur
381 395 494 478 Galba,
515 396 714 481 apprehensi
729 396 857 462 Pisorns
876 416 987 479 mauu,
1000 396 1035 465 in
1049 396 1140 464 bunc

119 479 259 543 modum
275 481 537 565 locutussertur:
560 482 615 548 ‘si
628 496 660 559 te
674 482 818 566 privatas
833 482 1041 581 legemuriati
1051 482 1140 567 apud

118 565 304 647 Pontifices,
318 577 355 631 ut
371 559 470 630 mori's
481 578 537 647 est,
550 567 741 651 adoptarem,
755 579 788 633 et
800 566 879 634 milu
893 568 1059 656 egregium
1072 580 1169 650 em,

119 650 184 713 On.
200 651 349 737 Pompeii¹
365 662 397 715 et
412 652 456 717 Μ.
473 653 581 717 Crassi
595 654 737 719 sobolem
751 654 786 719 in
801 657 937 720 Penates
959 673 1047 719 mos
1061 654 1141 718 asci-

121 754 221 814 scere,
241 746 273 800 et
288 737 344 801 tibi
359 738 494 824 insigne,
519 739 670 820 Sulpiciae
693 759 731 804 ac
746 739 881 806 Lutatiae
895 740 1012 805 decora
1025 738 1140 805 nobili-

120 822 178 884 tati
195 831 261 886 tuas
275 821 436 904 adjecisse.
481 824 579 889 Nunc
589 844 651 904 me,
664 825 809 891 Deorum
820 827 1053 910 hominumque
1064 842 1141 890 cou-

120 925 219 971 sensu
246 907 288 971 ad
314 909 491 992 Imperium
516 920 675 990 vocatum,
697 914 851 994 praelata
879 911 1083 981 indolestua
1107 919 1141 974 et

119 1011 211 1057 amor
240 993 351 1076 patrie
375 994 513 1077 impulit,
537 1010 574 1059 ut
598 995 828 1082 Principatum,
850 997 891 1062 de
916 1017 981 1081 quo
1005 995 1140 1079 majores

1 1161 2 1166 ἵ
120 1079 222 1143 nostri
237 1079 335 1143 armis
349 1083 522 1160 certabant,
543 1082 628 1146 ballo
650 1081 793 1166 adeptus,
807 1083 984 1165 quiescenti
999 1074 1139 1162 offeram,

120 1165 272 1249 exemplo
299 1164 376 1229 Divi
400 1166 549 1250 Augusti,
572 1167 630 1250 qui
654 1169 771 1233 sororis
795 1168 909 1250 filiurn,
938 1169 1140 1249 Marcellum,

121 1247 199 1312 dein
221 1269 386 1346 generum,
408 1253 593 1336 Agrippm,
620 1272 697 1317 mox
720 1263 851 1337 nepotes
874 1273 959 1333 suos,
981 1254 1142 1335 pmtremd
1183 1328 1187 1331 ,

123 1334 296 1407 Tiberium
310 1335 482 1416 Neronem,
497 1338 694 1424 privignum,
718 1338 750 1402 in
767 1339 915 1422 proximo
929 1339 991 1404 sibi
1012 1338 1152 1426 fastigio*

121 1421 304 1486 collocavit.
347 1421 411 1487 Sed
428 1424 595 1509 Augustus
617 1424 651 1487 iu
673 1423 769 1488 domo
785 1443 1005 1489 successorem
1025 1425 1142 1508 quoesi-

121 1505 187 1587 vit;
210 1527 282 1593 ego,
298 1508 332 1571 in
346 1507 525 1592 Republica
539 1531 547 1589 ;
569 1528 636 1573 non
657 1510 735 1592 qnia
756 1510 953 1593 propinquos
967 1521 1022 1574 aut
1036 1510 1142 1573 socios

120 1591 199 1656 belli
215 1612 281 1657 non
305 1592 461 1677 habeam3
484 1594 539 1659 md
561 1613 668 1681 neque
688 1595 756 1680 ipse
770 1596 947 1679 Imperium
970 1595 1142 1660 ambitione

119 1679 254 1762 accepit
276 1689 308 1741 et
325 1677 440 1758 judicii
464 1679 527 1744 mei
541 1678 755 1745 documenta
792 1680 859 1745 sint
880 1700 947 1747 uou
970 1700 1050 1745 mete
1073 1692 1176 1763 tan-,st

120 1764 189 1829 tiun
202 1764 464 1844 necessitudines,
485 1784 566 1848 quas
581 1766 638 1830 tibi
654 1786 710 1848 pos
725 1766 826 1863 posui,
844 1766 901 1830 sed
915 1779 946 1830 et
961 1777 1036 1830 tum.
1080 1766 1153 1835 Est*
1177 1772 1181 1785 “

121 1849 178 1913 tibi
194 1849 290 1914 irater
305 1849 372 1946 pari
388 1849 561 1932 nobilitate,
578 1862 656 1916 natu
673 1871 783 1932 major,
797 1850 918 1938 diguus
931 1851 992 1914 hac
1002 1850 1140 1932 fortuni,

120 1934 184 1998 uisi
201 1947 236 2000 tu
252 1944 356 2017 potior
374 1953 468 2000 esses.
514 1937 565 2001 Ea
579 1947 657 2000 atas
679 1949 743 2017 tua,
758 1955 832 2019 quae
855 1936 1046 2018 cupiditates
1068 1935 1143 2000 ado·

123 2020 286 2086 lucentia
298 2019 368 2102 jarn
380 2020 548 2109 effugerit:
571 2043 610 2086 ea
629 2021 703 2103 rita,
720 2022 754 2087 in
767 2022 832 2106 qud
847 2021 929 2087 nihil
944 2022 1144 2106 praeteritum

121 2106 349 2172 excusandum
359 2106 484 2171 habeas.
493 2110 513 2206 ll
529 2109 712 2172 Fortunam
722 2108 964 2174 adbuctantirm
974 2105 1188 2187 mremff²'''

121 2194 223 2257 tulisti
235 2214 245 2274 3
259 2192 473 2271 secundanos
485 2193 661 2257 acrioribus
676 2194 816 2259 stImulis
827 2195 951 2259 animos
961 2195 1142 2278 explorant,

121 2269 353 2362 quia'miseriae
367 2275 551 2360 tolerantur,
563 2278 714 2344 felicitate
724 2280 972 2363 corrumpimur.
1017 2277 1142 2358 uidem,

121 2363 515 2444 libertatemumicitiam,
534 2365 699 2448 praecipua
721 2366 856 2429 humani
877 2363 976 2429 animi
991 2365 1085 2445 bona,
1106 2376 1142 2428 tu

121 2449 255 2533 quidem
268 2450 382 2515 eadem
396 2448 765 2536 constantiipretinebis:
787 2450 843 2515 sed
858 2450 913 2513 alii
930 2470 985 2533 per
998 2449 1147 2533 obsequi·'
1159 2455 1162 2460 “
1176 2463 1179 2470 ·

122 2553 180 2600 um
195 2535 399 2619 immInuent.
424 2599 427 2604 ,
444 2535 603 2620 lrrumpet
616 2534 767 2617 adulatio,
784 2536 956 2614 blanditiae,
1040 2536 1144 2600 imum

123 2622 191 2684 veri
207 2620 338 2686 affectus
355 2619 527 2702 venenum,
549 2640 609 2696 sua
630 2621 748 2704 cuiqam
770 2622 902 2706 utilitas.
979 2641 1030 2708 go,
1045 2641 1082 2685 ac
1097 2619 1164 2705 tu,?

123 2706 362 2789 simplicissime
378 2707 459 2771 inter
480 2726 539 2772 nos
561 2707 657 2771 hodie
673 2707 857 2790 loquimur:
879 2706 976 2771 ceteri
996 2706 1145 2771 libentius

125 2811 202 2856 cum
217 2791 346 2856 fortuni
362 2791 470 2856 nostrai
480 2794 765 2875 quimnobiscum.
809 2793 894 2858 Nam
908 2792 1042 2857 suadere
1053 2793 1152 2857 Prin·-

124 2878 197 2961 cipi,
213 2878 298 2960 quod
315 2886 463 2962 oporteat,
479 2878 573 2943 multi
590 2877 727 2943 laboris:
751 2879 920 2943 assentatio
931 2873 1008 2966 erga
1023 2878 1145 2943 Princi-

123 2983 198 3048 pem
211 2984 351 3046 quemcu
357 2983 452 3047 mque
466 2963 536 3029 sine
550 2963 863 3048 affectuperagitur:

67 3043 124 3140 k
167 3049 259 3113 XVI.
283 3051 421 3130 ‘Etiam
435 3047 462 3110 si
478 3049 673 3114 immensum
688 3049 818 3132 Imperii
828 3068 944 3134 corpus
955 3058 1039 3113 stare
1054 3068 1092 3113 ac
1106 3049 1162 3126 li·‚

90 3147 95 3160 ¹
123 3134 206 3200 brari
224 3134 294 3198 sine
310 3149 431 3199 rectora
445 3147 558 3218 posset,
581 3137 813 3283 „iff‘fflff-ffimt
828 3134 1145 3230 st,I!⁰„„R0,⁸lJ¹¹„¹?II9³
1165 3209 1169 3216 ἱ

124 3221 297 3303 inoiffiret:
321 3241 409 3285 nuuc
424 3223 462 3285 eb
477 3239 597 3285 necessi
614 3230 673 3284 ans
684 3219 752 3301 jam
763 3220 886 3303 pridem
897 3219 1096 3302 vent‘um‘cst,
1106 3230 1144 3285 ut
1164 3219 1169 3244 ¹

125 3325 187 3369 nco
202 3327 273 3371 nrea
287 3322 435 3372 senectus
450 3306 594 3371 conferre
616 3308 691 3389 plus
716 3306 842 3388 Populo
865 3307 1012 3371 Romano
1034 3306 1143 3390 possit,

124 3393 223 3474 quim
245 3393 367 3457 bonurn
389 3411 617 3471 successorem,
635 3412 696 3457 nec
717 3404 773 3457 tua
794 3395 868 3475 plus
888 3392 1032 3473 juventa,
1045 3394 1145 3475 quam

125 3477 250 3541 bouum
263 3478 457 3560 Principem.
501 3479 570 3544 Sub
586 3477 720 3542 Tiberio
735 3488 766 3541 et
781 3477 861 3541 Gaio
872 3488 903 3541 ct
915 3478 1062 3556 Claudio,
1073 3477 1145 3542 uni-

125 3581 165 3627 us
192 3562 322 3627 familiae
337 3563 430 3647 quasi
450 3564 620 3654 haereditas
643 3562 782 3627 inimus:
806 3564 877 3626 loco
899 3563 1052 3627 libertatis
1075 3562 1189 3639 eritpl?

126 3647 214 3731 qubd
228 3648 303 3734 eligi
318 3648 484 3731 coepimus.
528 3648 581 3731 Et,
595 3648 687 3711 liniti
697 3647 862 3711 Iuliorum
870 3647 1146 3726 Claudiorumque

127 3732 232 3815 domo,
247 3734 406 3819 optimum
418 3754 579 3820 quemque
601 3732 728 3817 adoptio
748 3731 901 3797 inveniet
944 3730 1031 3794 Nam
1050 3744 1146 3811 gene·
