2392 4050
62 196 96 262 L
110 197 144 262 0.
157 199 220 291 ou]
350 197 763 265 Hrsrou.L1s.Pnrrrns.
1022 199 1064 265 21

8 318 9 331 ἵ
62 364 194 454 ibisque,
208 384 286 432 nam
298 380 411 456 pectus
423 370 597 457 tegebatur,
610 368 695 437 hdo
709 368 892 436 laniaverat
913 370 1066 467 pleraque
1145 380 1185 467 j.

8 498 10 505 ,
61 456 187 520 vulnere
198 451 323 521 feritate
336 466 369 521 et
383 456 506 521 seritis
520 467 637 521 trunco
646 456 716 540 jam
729 455 854 540 corpori
868 455 1002 543 adjecta
1094 456 1144 533 ‚ri

8 538 10 655 l
96 541 199 606 XLII.
221 538 339 607 Titum
352 540 428 607 inde
450 539 585 607 Vinium
607 543 776 608 invasore:
798 541 838 606 de
859 551 978 635 quolet
995 533 1085 638 ipso)

59 628 230 713 ambigitur,
249 628 502 692 consumseritne
514 647 631 693 rocem
652 628 722 710 ejus
743 628 867 692 instans
887 640 1001 708 metus,
1023 646 1065 692 sn

60 715 159 803 procla
209 712 301 793 verit,
317 719 401 778 ‘non
415 733 484 778 esse
494 714 535 777 ab
547 714 676 778 Othone
688 712 885 793 mandatnm,
896 723 933 777 ut
943 711 1066 778 occide

59 800 154 864 retur!
194 798 295 870 Quod
309 818 366 864 seu
455 797 480 862 't
491 799 671 880 formidine,
685 797 982 865 seuconscientiam
991 778 1092 865 con-7

30 936 34 943 .
56 880 215 965 jurationis
239 885 405 950 confessus
485 884 583 951 :hnc
608 885 713 970 potiris
733 883 804 966 ejus
824 884 893 949 vita
918 864 1071 969 famaque⁸

57 967 191 1049 inclinat,
218 981 257 1036 ut
280 970 430 1035 conscius
511 970 586 1035 ieris
611 970 716 1051 fuerit,
744 969 838 1051 eujus
864 988 962 1034 causa
988 980 1066 1035 erat

57 1055 133 1119 Ante
146 1054 247 1121 edem
258 1055 337 1119 Diri
352 1054 431 1121 Julii
442 1054 553 1137 jacuit,
567 1056 751 1139 pori-inpiati
765 1057 800 1119 in
811 1056 973 1140 poplitem,
988 1074 1084 1149 Q

8 1156 9 1165 ¹
57 1141 91 1205 ab
103 1141 188 1207 Julio
200 1143 293 1223 Caro,
307 1141 484 1228 legionario
494 1140 607 1223 milite,
621 1153 795 1227 utrumque
810 1142 895 1206 latus
908 1151 1066 1207 transver-

8 1284 9 1287 ,
92 1237 184 1291 retus.
700 1260 702 1271 =

20 1224 213 1411 hill.
235 1311 302 1401 Ins'
326 1331 403 1395 „Qu
415 1312 475 1378 ills
487 1311 539 1377 die
549 1311 661 1378 virum
674 1312 904 1397 Sempronium
917 1311 1066 1378 Densum

8 1448 9 1461 ,
57 1405 124 1460 etas
143 1396 301 1463 nostrsvi
325 1397 357 1462 it
401 1398 555 1463 Centurio
569 1399 598 1464 is
612 1399 771 1465 Praeterire
788 1397 937 1478 cohortis,
951 1419 972 1462 a
990 1399 1067 1463 Gal·

8 1546 10 1553 .
56 1479 92 1545 bi
114 1483 264 1549 custodie
290 1482 418 1548 Pisonis
441 1482 577 1565 additus,
601 1485 709 1549 stricto
729 1485 871 1571 pugione
894 1502 1067 1549 occurrens

56 1570 172 1633 ermetis
186 1578 218 1634 et
230 1569 338 1634 scelus
352 1569 557 1659 expromens,
573 1589 612 1634 ac
626 1569 722 1635 modb
737 1590 847 1653 manu,
861 1568 955 1635 modo
976 1588 1065 1651 voce,

8 1722 10 1737 ,
57 1655 197 1720 vertendo
220 1655 257 1718 in
282 1674 317 1719 se
337 1656 548 1739 percussores,
569 1675 757 1740 quanquam
771 1657 940 1720 vulnerato
955 1654 1066 1720 Pisoni

55 1737 202 1827 effugium
215 1739 314 1804 dedit.
357 1740 433 1805 Piso
447 1740 484 1804 in
498 1740 601 1807 aedem
614 1741 718 1806 Vestae
734 1741 884 1825 pervasit,
898 1760 978 1805 exce
1001 1751 1066 1804 tus·

21 1864 28 1879 ·
57 1824 949 1920 que'misericordiipublieiyrvietcontubernioejusa
992 1825 1065 1907 itus,

57 1924 116 1974 non
128 1911 293 1996 religione,
306 1930 367 1975 nec
381 1911 583 1992 cerimoniis,
597 1911 654 1977 sed
668 1911 787 1976 latebre
807 1911 980 1977 imminens
998 1911 1066 1974 exi·

57 1991 318 2066 tiumdifferebet:
340 1997 415 2063 crim
422 1996 862 2095 advenereLmigsussthonis
874 1994 1067 2062 nominatim

56 2077 214 2148 incedam
227 2083 299 2165 eJus
313 2083 477 2163 ardentesp
488 2078 659 2167 Sulpicius
681 2085 809 2163 Florus,
831 2104 850 2148 e
871 2081 1066 2147 Britannicis

9 2229 11 2234 ,
57 2167 237 2250 cohortibus,
260 2187 364 2251 nuper
388 2191 408 2234 a
430 2168 536 2234 Gelbis
561 2169 691 2234 civitate
718 2168 865 2249 donatus,
884 2178 916 2232 et
943 2168 1065 2234 sotios

59 2248 189 2335 Murcus,
207 2254 407 2339 speculator:
429 2252 581 2340 equibus
593 2264 774 2339 protractus
788 2255 873 2335 Piso,
888 2251 923 2318 in
942 2251 1066 2319 foribus

58 2339 156 2421 templi
169 2339 358 2405 trucidetur.

9 2447 41 2504 :L
94 2422 206 2491 XLIV.
230 2425 367 2491 Nullam
385 2423 506 2491 caedem
528 2424 616 2491 Otho
630 2424 751 2508 mejore
765 2425 876 2491 lenos
891 2423 1065 2509 excepisse,

57 2508 173 2576 nullum
193 2521 291 2595 caput
303 2520 371 2575 tam
391 2508 627 2576 insatiabilibus
648 2510 751 2576 oculis
765 2510 974 2596 perlustrisse
987 2509 1066 2575 dici·

57 2601 119 2659 trr:
139 2615 196 2661 seu
209 2607 283 2661 tum
294 2596 435 2680 priminn
456 2596 562 2675 levata
576 2598 666 2662 omni
688 2596 893 2662 solicitudine
906 2615 996 2661 mens
1010 2616 1065 2660 va-

57 2698 118 2745 care
130 2681 250 2767 gaudio
273 2700 322 2747 coe
362 2692 429 2747 rat:
451 2700 509 2747 seu
523 2682 699 2749 recordatio
712 2681 885 2764 majestatis
899 2682 934 2747 in
948 2681 1064 2766 Galbi,

57 2764 190 2831 amicitia
204 2766 240 2832 in
253 2766 297 2831 Τ.
341 2766 419 2848 inio,
429 2767 580 2852 qusmris
593 2767 752 2834 immitem
765 2768 913 2833 animum
923 2767 1064 2853 imagine

56 2850 125 2917 tristi
133 2852 345 2941 -confudgrstt
369 2852 505 2934 Pisonis,
519 2861 557 2917 ut
578 2853 704 2918 inimici
718 2864 749 2918 et
763 2854 884 2935 emuli,
904 2852 990 2917 cede
1012 2854 1064 2917 lae·

56 2936 114 3018 mi,
124 2936 177 3019 jus
191 2934 305 3022 samue
318 2936 475 3003 credebat
517 2938 656 3003 Proefixs
670 2938 774 3005 contis
785 2940 887 3024 capita
899 2938 1065 3024 gestaban-

57 3031 108 3103 tur,
120 3023 201 3089 inter
215 3023 311 3110 signs
325 3024 515 3106 cohortium,
526 3022 624 3106 juxta
637 3025 780 3108 aquilam
790 3024 946 3111 legionis:
966 3035 1065 3089 certa·
1147 3091 1154 3106 s

11 3137 13 3198 Q
57 3105 106 3171 tiu
114 3109 345 3174 ostentantibus
359 3121 506 3175 cruentes
521 3128 647 3192 manus,
662 3109 719 3193 qui
733 3110 924 3191 occiderent,
938 3109 994 3193 qui
1016 3109 1064 3184 iu·
1078 3119 1142 3228 J

11 3263 13 3274 ,
57 3192 224 3278 amount,
238 3194 392 3279 quiveris,
426 3194 462 3260 ui
477 3195 567 3279 falsi,
578 3204 616 3258 ut
630 3194 804 3280 pulchrum
813 3206 845 3259 et
858 3195 1064 3261 memorabile

11 3279 13 3324 ἲ
56 3274 176 3362 fenus,
188 3281 362 3380 ΜΕ
404 3217 520 3347 ituras
534 3281 633 3368 quim
654 3292 786 3345 centurn
799 3293 832 3344 et
845 3280 962 3367 viginti
976 3281 1064 3348 libel·
1134 3303 1138 3310 ·

57 3362 97 3428 los
108 3385 236 3450 proemia
256 3367 508 3463 exposcentium,
533 3369 574 3433 ob
593 3367 737 3451 aliquam
750 3366 927 3454 notabilem
940 3366 997 3430 ills
1010 3366 1064 3431 die

59 3466 181 3535 operm,
203 3453 355 3519 Vitellius
374 3463 483 3535 postea
502 3453 646 3518 invenit:
668 3470 843 3535 omnesque
865 3452 1012 3537 conquiri
1031 3462 1065 3517 et

59 3531 179 3602 interfici
189 3537 304 3620 jussit:
327 3538 523 3605 nonhouore
535 3535 724 3618 Galbae,sed
735 3537 850 3603 tradito
860 3538 1065 3620 Principibus

60 3635 141 3703 nore,
154 3623 393 3689 munimentum
402 3623 443 3688 ad
457 3643 606 3707 presens,
621 3624 656 3687 in
672 3632 839 3706 posterum
851 3622 1018 3687 ultionem.

42 3753 62 3794 ,.
94 3707 188 3776 XLV.
210 3706 767 3792 nliumerederessenatummlium
776 3707 951 3791 populum:
973 3721 1065 3767 ruere
1188 3791 1189 3794 Ἴ
