2392 4050
147 188 188 252 Α
206 183 245 249 C.
259 180 325 271 ou]
455 175 869 247 Hreroa.L1e.Pn1uns.
1149 178 1170 241 5

146 358 233 423 dum
258 356 374 420 Gnlbae
399 353 458 417 iter
472 364 504 417 et
525 363 706 432 cruentum,
722 350 895 416 interfectis
917 349 1078 436 Cingonio
1093 351 1171 416 Var-

148 465 239 522 rone,
254 443 397 505 Consule
411 439 588 522 designato‚
603 449 635 502 et
656 437 805 503 Petronio
827 436 1032 520 Turpiliano,
1048 437 1174 501 moeu-

87 540 90 549 '
149 529 233 595 lari:
256 528 320 607 ille,
334 537 372 590 ut
383 524 575 608 Nymphidii
587 523 704 605 socius,
719 523 782 603 hie,
797 534 833 587 ut
843 522 912 589 dux
924 522 1071 601 Neronis,
1080 521 1172 587 inatt-

148 614 212 680 diti
227 622 321 696 atque
336 609 504 692 indefensi,
526 621 682 692 tauquam
698 610 894 691 innoeentes,
908 608 1076 691 perierant.
1119 607 1173 671 In·

151 701 269 764 troitus
288 700 323 762 in
345 697 468 774 urbem;
483 695 651 762 trucidatis
665 704 711 759 tot
734 694 878 759 millibus
901 694 1076 758 inermium
1089 691 1173 757 miti·

138 796 203 967 pp?
226 835 233 866 ‚
250 785 410 849 infaustus
435 781 553 860 omine,
568 792 663 863 atque
684 781 761 864 ipsis
779 779 885 858 etiam,
900 779 957 863 qni
980 778 1172 865 occiderent,

106 883 138 916 tt*
239 872 249 933 i

250 871 391 935 dolosus.
434 867 571 932 Inducti
594 866 721 965 legione
745 866 906 948 Hispanis
922 875 1107 931 remanente
1124 864 1172 945 ei,

94 960 104 1000 l
174 976 252 1020 uem
266 976 284 1018 e
296 956 398 1019 classe
413 955 499 1019 Nero
514 958 754 1035 oonserrpserat,'
769 953 865 1035 plena
879 951 956 1015 urbs
969 951 1113 1016 exercitu
1124 950 1174 1014 iu·

191 1042 270 1106 lito:
293 1040 387 1105 multi
402 1040 443 1103 ad
458 1040 519 1102 hoo
534 1038 662 1102 numeri
680 1059 699 1103 e
713 1037 889 1103 Germanii
908 1057 947 1100 eo
961 1036 1127 1103 Britanuib
1139 1045 1173 1099 et

152 1127 297 1212 Illyrico,
309 1146 392 1213 quos
407 1125 492 1190 idern
510 1125 605 1203 Nero,
620 1125 737 1193 eleetos
754 1124 1001 1207 premissosqne
1015 1123 1056 1186 ad
1070 1123 1174 1187 eleus-

152 1224 203 1278 tra
218 1211 418 1294 Caspiarum,
439 1220 472 1273 et
486 1211 617 1289 bellum,
631 1209 719 1292 quod
741 1209 776 1274 in
798 1210 943 1274 Albanos
965 1210 1105 1292 parebat,
1119 1228 1174 1292 op·

152 1297 330 1382 primendis
355 1295 502 1361 Vindicis
530 1295 644 1378 caeptis
671 1305 897 1361 revocaverat:
934 1294 1050 1381 ingens
1077 1292 1173 1358 noris

151 1386 248 1450 rebus
264 1383 406 1465 materia,
419 1390 457 1446 ut
471 1400 538 1497 pon
552 1380 708 1471 inunum
722 1381 863 1467 aliquem
877 1400 980 1465 prono
993 1379 1113 1460 favore,
1128 1378 1174 1442 ite

153 1469 287 1536 audenti
304 1464 479 1551 pareta'sss‘
490 1482 509 1529 ‘t

106 1588 138 1653 s
197 1555 269 1619 VII.
293 1555 392 1618 Forte
421 1538 621 1634 oong'rueret
648 1559 687 1616 ut
715 1552 822 1617 Clodii
851 1550 956 1618 Moeri
983 1560 1015 1616 et
1043 1548 1172 1617 Fonteii

154 1638 324 1723 Capitonis
338 1639 443 1703 credes
458 1638 693 1705 nuntiarentur.
736 1639 895 1720 Moerum,
909 1639 944 1703 in
958 1635 1070 1703 Airieb
1083 1634 1173 1700 haud

152 1726 251 1792 dubie
281 1725 472 1804 turbantem,
501 1724 685 1796 Trebonius
721 1725 937 1805 Garuoienns,
972 1722 1172 1803 Procurator,

152 1812 246 1895 jussu
262 1811 397 1895 Galbae3
413 1809 612 1892 Capitonem
623 1809 658 1871 in
670 1810 855 1890 Germanii,
870 1811 944 1874 oum
954 1808 1076 1872 similia
1088 1827 1174 1891 omp-

141 1904 245 1976 'teret
261 1895 432 1964 Cornelius
446 1894 597 1977 Aquinus
611 1904 642 1959 et
656 1893 779 1958 Fabius
796 1896 924 1975 Valens,
947 1893 1060 1976 Legeti
1076 1893 1173 1980 legio-

157 2002 237 2049 num
251 1980 484 2060 interieeerent,
499 1987 672 2064 antequam
683 1978 880 2061 juberentur.
923 1980 1030 2045 Fuere
1040 1979 1097 2065 qui
1107 1998 1174 2043 ere·

157 2068 275 2147 derent,
288 2069 336 2131 Oa
359 2068 486 2146 itionem,
497 2076 534 2130 ut
548 2065 683 2130 avaritiis
696 2076 728 2130 et
737 2055 870 2142 liffidine
881 2066 1005 2134 fedum
1015 2086 1054 2129 eo
1065 2077 1189 2131 meon-t

157 2156 272 2234 losum,
287 2153 333 2216 ita
373 2139 544 2217 ditatione
564 2171 674 2216 rerum
696 2153 858 2218 noverum
881 2151 1092 2235 abstinuisse3
1115 2149 1174 2215 sed

89 2176 693 2390 mittete
709 2235 1173 2390 rettulerunt

107 2407 110 2424 ’
157 2373 330 2475 mobilitate
345 2408 477 2495 ingenii,
493 2344 921 2489 emneolriirspirirutaretur,
934 2374 1172 2494 quoquomodo

157 2510 237 2576 aete,
252 2495 331 2579 quie
350 2494 468 2559 mutari
484 2514 548 2559 non
572 2504 725 2577 poterent,
748 2496 980 2581 comprobasse.
1024 2496 1174 2558 Ceterum

156 2593 291 2665 utraque
305 2582 409 2666 coedes
423 2579 550 2645 sinistre
566 2592 712 2665 accepte:
735 2595 766 2644 et
781 2582 887 2645 inviso
898 2583 996 2645 semel
1012 2579 1186 2667 Principe‚1

156 2687 213 2733 eeu
228 2667 309 2731 bene
320 2687 377 2731 seu
390 2665 473 2729 mole
488 2665 572 2729 saeta
584 2676 743 2747 premunt.
779 2668 798 2731 J
800 2687 853 2731 em
864 2667 1037 2731 offerebant
1046 2666 1174 2730 venalia

156 2763 276 2817 cuneta
289 2762 499 2836 prepotentes
514 2751 636 2816 liberti:
658 2771 826 2818 servorum
839 2772 956 2816 manus
979 2751 1094 2816 subitis
1107 2744 1182 2838 ari-l

157 2837 218 2917 dee,
246 2847 286 2917 et,
316 2851 483 2920 tanquam.
497 2836 582 2920 apud
612 2855 730 2920 senem,
754 2837 960 2915 festinantes:
997 2836 1173 2921 eademque

157 2943 251 2988 norae
267 2926 352 2988 aulae
363 2923 457 3001 mela,
470 2924 561 3005 aeque
573 2922 694 3007 gravio,
709 2944 774 2988 non
790 2926 882 3007 aeque
893 2910 1072 2988 eueusata.⁴
1100 2924 1174 3008 Ipse

157 3023 236 3074 aems
246 3010 360 3074 Galbae
377 3009 482 3071 irrisui
497 3029 535 3072 ee
548 3008 675 3071 fastidio
688 3015 763 3072 erat·
771 3010 905 3074 assuetis
913 3008 1058 3091 juventae
1074 3008 1174 3074 Nero·

157 3095 218 3174 nis,
240 3110 272 3159 et
286 3097 496 3178 Imperatores
516 3094 618 3158 sormi
630 3114 669 3157 ee
690 3094 803 3160 decore
825 3095 975 3180 eorporis,
991 3106 1028 3158 ut
1040 3106 1089 3159 est
1103 3114 1173 3160 moe

157 3181 260 3266 vulgi,
275 3182 545 3263 comparantibus.
916 3185 919 3192 '

200 3267 289 3330 Vlll.
314 3266 357 3330 Et
373 3266 425 3330 hio
446 3263 578 3348 quidem
599 3264 722 3347 Roma,
743 3276 896 3348 tanquam
910 3265 944 3329 in
959 3267 1048 3330 tenti
1067 3266 1175 3331 multi-

157 3350 278 3434 tudine,
294 3352 422 3415 habitus
444 3351 628 3415 animorum
641 3350 713 3414 fuit.
758 3351 787 3415 E
812 3350 992 3434 provinciis,
1007 3351 1173 3436 Hispauiae

157 3447 290 3520 preerat
316 3436 457 3501 Cluvius
478 3434 594 3516 Rufus,
620 3437 670 3500 vir
692 3436 854 3504 fecundus
878 3447 911 3500 et
932 3437 1020 3521 peeis
1042 3440 1172 3518 artibus,

159 3522 250 3586 bellis
277 3523 473 3605 inexpertus.
530 3522 654 3601 Galliae,
680 3541 781 3607 super,
805 3525 992 3587 memoriam
1020 3524 1175 3602 Vindicis,

158 3608 438 3687 obligatae'reeenti
452 3608 538 3672 dono
562 3607 716 3674 Romanae
732 3607 879 3688 civitatis,
901 3618 933 3670 et
956 3608 991 3670 in
1013 3619 1176 3690 posterum

160 3692 269 3759 tributi
282 3695 472 3760 levamento.
516 3691 676 3759 Proximae
691 3704 800 3757 tamen
818 3691 1020 3756 Germanicis
1033 3688 1177 3754 exerciti·

335 3805 540 3968 ..Ἥ
645 3780 681 3842 1.
