2392 4050
143 164 207 228 158
493 160 813 228 O.Gorrn.Trcm-1
966 162 1141 252 [tuest

139 335 315 422 Vipstanus
330 335 469 402 Messala
484 332 619 418 adeptus
632 342 689 415 est,
704 334 851 404 nondum
875 334 1042 402 Senatorii
1054 346 1143 415 state,

139 441 240 489 ausus
260 443 318 507 pro
342 422 447 504 fratre,
461 421 594 503 Aquilio
621 421 757 519 Regulo,
779 419 952 505 deprecari.
996 421 1143 507 Regulum

138 509 292 574 subversa
306 509 496 573 Crassorum
508 517 541 569 et
555 506 683 590 Orphitr
694 507 810 571 domus
825 506 860 572 in
874 526 1039 573 summum
1049 508 1144 572 odium

139 596 306 662 extulerat.
349 595 471 679 Sponte
485 611 527 655 ex
541 592 677 657 Senatus
692 595 841 659 consulto
856 593 1090 658 accusationem
1101 612 1145 656 su·

139 680 222 746 bisse
233 677 364 762 juvenis
390 676 573 756 admodum,
589 697 650 743 nee
674 676 857 760 depellendi
882 677 1030 762 periculi,
1044 677 1097 742 sed
1115 677 1144 741 in

139 785 231 851 spem
244 766 393 849 potentie
407 763 584 828 videbatur.
629 763 674 828 Et
683 762 1039 847 Sulpicia'l'raetextata,
1051 762 1143 828 crasi

139 870 233 931 uxor,
247 861 449 934 quatuorque
471 848 573 927 liberi,
588 848 616 912 si
640 857 847 935 cognosceret
869 849 1019 929 Senatus,
1039 850 1145 914 ultores

140 937 281 1001 aderent.
325 937 428 1023 Igitur
444 935 584 999 Messala
603 953 670 999 non
684 952 825 1015 eausam,
839 952 944 1018 neque
959 954 1054 999 reum
1066 934 1145 1013 tueri,

139 1021 360 1106 sedperieulis
384 1020 491 1085 fratris
516 1030 618 1084 semet
641 1039 815 1103 opponens,
837 1020 970 1084 flexerat
993 1019 1164 1104 quosdam,

141 1106 291 1173 Occurrit
304 1107 388 1172 truci
402 1106 544 1171 oratione
559 1106 693 1169 Curtius
715 1105 899 1187 Montanus,
912 1105 952 1169 eb
972 1124 1074 1190 nsque
1088 1124 1147 1189 pre

140 1212 277 1281 gressus,
290 1205 327 1257 ut
342 1200 350 1235 ‘
418 1190 562 1258 tceedem
573 1191 699 1270 Galboe,
708 1189 818 1255 datam
828 1191 1023 1256 interfectori
1036 1189 1146 1255 Pisonis
1163 1203 1164 1238 t

140 1278 314 1363 pecuniam
327 1298 348 1342 e
409 1278 497 1363 gulo,
524 1276 764 1359 appetitumque
779 1296 887 1341 morsu
904 1277 1032 1342 Pisonis
1046 1276 1146 1361 caput’

141 1363 320 1446 objectaret.
365 1361 457 1428 ‘Hoc
482 1362 586 1444 certe?
611 1361 725 1446 inquit,
748 1363 853 1428 ‘Nero
867 1382 933 1427 non
959 1364 1073 1446 co'e'git,
1097 1380 1146 1425 nee

140 1449 173 1514 di
221 1450 338 1528 itatem,
367 1460 424 1514 eut
450 1449 598 1527 salutem,
626 1446 685 1511 itit
708 1448 833 1513 saevttit
858 1448 1031 1512 redemisti.
1072 1448 1147 1513 Sene

140 1545 175 1601 to
188 1554 314 1599 eremus
335 1533 472 1600 istorum
494 1532 705 1613 defensiones,
719 1533 776 1617 qui
801 1535 933 1617 perdere
958 1534 1050 1614 alios,
1062 1535 1146 1617 qum

140 1621 315 1707 periclitari
338 1618 407 1703 ipsi,
422 1621 615 1684 meluerunt.
660 1617 713 1683 'I'e
726 1638 878 1684 securum
891 1619 1064 1704 reliquerat
1083 1619 1145 1683 exul

140 1718 239 1794 pater,
254 1705 402 1771 etdivisa
426 1703 507 1769 inter
529 1703 702 1769 creditores
722 1706 816 1783 bona,
831 1704 979 1770 nondum
999 1706 1145 1770 honorum

142 1813 246 1878 capax
259 1801 354 1856 uetes:
377 1789 460 1856 nihil
484 1789 570 1874 quod
593 1810 636 1854 ex
659 1799 690 1854 te
712 1790 952 1875 concupisceret
967 1791 1063 1870 Nero,
1078 1790 1144 1855 nihil

141 1879 230 1963 quod
244 1878 376 1942 timeret.
420 1874 570 1941 Libidine
593 1874 762 1960 sanguinis
787 1887 819 1941 et
843 1875 933 1940 hiatu
955 1876 1145 1959 praemiorum

142 1965 292 2052 ignotum
303 1962 413 2049 edbuc
426 1960 605 2049 ingenium,
619 1971 651 2026 et
665 1963 765 2029 nullis
787 1960 1028 2027 defensionibus
1051 1979 1144 2045 exper-
1162 1977 1163 2002 ³

140 2051 222 2129 lum,
248 2048 336 2114 cede
360 2047 461 2112 nobili
486 2047 647 2112 imbuisti:
669 2049 743 2113 oiim
763 2068 805 2112 ex
826 2047 938 2112 funere
960 2048 1143 2133 Reipublicae
1162 2066 1163 2133 q

142 2135 240 2221 raptis
255 2134 488 2199 Consularibus
501 2132 621 2216 spoliis,
636 2133 817 2220 septuagies
838 2132 981 2198 sestertio
995 2135 1143 2222 saginatus
1162 2146 1163 2151 ¹

143 2231 176 2287 et
199 2217 377 2284 sacerdotio
400 2217 538 2305 fulgens,
565 2217 714 2283 innoxios
741 2238 867 2303 pueros,
892 2219 1035 2284 illustres
1058 2236 1142 2294 sene,

144 2305 335 2389 conspicuas
349 2303 498 2370 foetninas
512 2301 624 2368 eidem
638 2302 732 2367 turne
747 2315 983 2387 prosterneres:
1005 2306 1078 2370 crim
1089 2323 1142 2388 seg·
1162 2332 1163 2337 ¹

142 2391 259 2458 nitiam
273 2389 411 2457 Neronis
426 2389 598 2468 incusares,
612 2389 700 2471 qubd
710 2409 768 2473 per
781 2390 925 2477 singulas
939 2388 1055 2456 domos
1063 2406 1142 2473 seque
1161 2374 1164 2461 l

142 2489 176 2544 et
199 2477 354 2542 delatores
379 2475 435 2539 feti
459 2485 545 2538 aret:
574 2493 666 2557 posse
693 2475 883 2540 uniuersum
910 2475 1069 2541 Senatum
1089 2472 1163 2559 unit

144 2582 225 2629 voce
249 2561 400 2626 subverti.
493 2560 596 2641 tinete,
620 2558 926 2644 PetresconscrIpti,
951 2571 984 2626 et
1005 2569 1143 2627 reserante
1162 2580 1163 2639 t

144 2647 309 2714 hominem
324 2657 390 2711 tem
403 2644 542 2729 expediti
564 2646 702 2726 consilii,
716 2657 755 2710 ut
779 2645 883 2713 omnis
906 2658 984 2711 setes
1006 2648 1163 2712 instruett}

39 2808 44 2823 ι
144 2734 194 2814 sit,
209 2743 240 2796 et
253 2732 413 2816 quomodo
424 2750 516 2795 senes
525 2732 627 2796 nostri
642 2732 838 2813 Marcellum,
850 2731 1012 2816 Crispum,
1024 2732 1142 2814 jurene

34 3368 41 3385 ·
146 3342 276 3399 exortus
297 3344 352 3396 est.
396 3332 471 3397 Non
495 3331 642 3397 timemus
666 3330 919 3415 Vespasianum:
942 3327 1116 3408 eaPrineip

145 2819 320 2905 Regulum,
351 2817 525 2882 imitentur.
579 2817 709 2882 Invenit
744 2818 842 2882 etiam
876 2821 1010 2884 emulos
1046 2815 1141 2882 infelix

144 2905 307 2989 nequitia:
332 2902 410 2987 quid
435 2901 463 2965 si
486 2903 599 2969 floreat
622 2903 818 2990 vigentque?
860 2901 905 2966 Et
930 2923 1027 2987 quem
1055 2902 1141 2967 adhue

146 2989 367 3064 Questorium
381 2987 541 3053 offendere
554 3006 622 3052 non
645 2990 812 3071 nudemus,
826 2988 1019 3054 Pretorium
1031 2997 1062 3053 et
1075 2988 1140 3051 Gon·

146 3080 288 3143 solarem
302 3075 402 3140 visuri
417 3075 554 3139 sumunt
596 3075 650 3139 An
676 3075 839 3140 Neronem
858 3085 1039 3141 extremum
1059 3069 1139 3138 tioni-

145 3182 265 3228 norum
275 3161 417 3244 putatIsl
459 3161 551 3224 Idem
564 3159 772 3240 crediderent,
782 3158 838 3243 qui
850 3159 993 3243 Tiberio,
1003 3160 1056 3244 qui
1069 3158 1138 3232 Ceio,
1161 3214 1162 3235 ,

145 3247 327 3331 superstites
349 3245 499 3311 fuerunt:
521 3247 595 3311 cirm
616 3246 743 3312 interim
769 3245 978 3311 intestabilior
993 3257 1023 3310 et
1044 3242 1138 3337 serior
1161 3242 1162 3249 ’

146 3428 231 3492 ntes,
246 3435 284 3481 ea
296 3415 478 3477 moderatio.
522 3416 587 3482 Sed
608 3417 727 3482 diutius
749 3416 866 3482 durent
888 3420 1042 3502 exempla,
1060 3413 1134 3497 quim
1160 3454 1161 3489 ,

145 3519 257 3565 mores.
302 3497 527 3593 Elanguimus,
543 3502 653 3564 Patres
668 3502 847 3585 conscripti,
863 3522 923 3567 nec
935 3502 1004 3585 jem
1026 3503 1075 3566 ille
1092 3498 1132 3561 Se

147 3594 243 3651 natus
257 3599 378 3659 sumus,
393 3599 449 3662 qur
471 3584 577 3647 ochso
603 3585 739 3667 Nerone,
764 3586 931 3669 delatores,
945 3601 976 3653 et
998 3587 1132 3653 ministro
