2392 4050
113 137 181 203 222
283 105 289 116 ’
471 139 510 204 G.
523 137 635 204 Gonu.
652 136 818 206 Ticinus

114 311 258 376 Multum
274 309 324 396 (ut
337 309 420 376 inter
433 311 624 395 Germanos)
634 310 768 376 rationis
782 309 988 376 acsolertiae:
1007 327 1118 395 prepo-

111 414 190 461 nere
204 397 330 476 electos,
346 395 457 461 cudite
471 395 665 482 prepositos,
686 396 781 461 nosse
794 396 934 476 ordines,
950 396 1116 482 intelligere

112 481 304 563 occasiones,
318 481 445 546 differre
458 481 606 565 impetus,
628 482 796 565 disponere
810 482 903 562 diem,
918 483 1037 546 vallare
1048 501 1115 545 noc·

113 577 188 646 tem,
202 565 363 632 fortunam
373 566 455 632 inter
466 566 573 648 dubia,
588 568 740 633 virtutem
751 568 834 633 inter
844 578 1115 633 certenumernre:
1166 613 1167 624 r

112 642 263 739 quodque
279 651 484 731 rarissimum,
507 671 569 717 nec
589 652 652 717 nisi
671 654 794 724 ratione
807 652 985 736 discipline
1000 671 1118 718 mocon

113 758 196 819 aum,
219 739 294 825 plus
310 757 458 821 reponere
471 738 505 801 ln
523 739 626 819 Duce,
648 747 747 821 quam
760 738 914 803 exercitu.
960 738 1063 804 Omne
1074 756 1117 800 ro

113 825 223 890 burin
240 823 353 907 pedite,
376 842 482 908 quem,
504 843 600 908 super
622 844 721 905 armo,
742 822 1114 907 ferramentisquoquect

113 909 214 994 copiis
228 919 369 974 onerant.
414 910 506 974 Alios
529 907 571 973 ud
590 910 741 995 pretium
754 910 802 978 ire
824 909 941 988 rideas,
965 906 1109 973 Cattosad

113 995 245 1061 bellurn.
285 993 364 1058 Rari
381 1013 541 1062 excursus
559 1005 591 1059 et
605 994 737 1060 fortuita
755 1015 875 1080 pugna.
918 993 1113 1078 Equestriun

113 1080 192 1147 sane
207 1078 328 1144 virium
346 1078 380 1146 id
401 1080 577 1165 proprium,
598 1080 663 1145 citd
679 1101 789 1166 perere
802 1080 981 1161 victoriam,
1003 1079 1064 1144 citb
1075 1099 1116 1143 oo

113 1166 198 1231 dere.
249 1164 409 1264 Iielocitua
436 1164 532 1249 juxta
557 1165 770 1248 formidinem,
813 1166 975 1231 cunctatio
1001 1167 1117 1251 propior

116 1261 304 1318 consumtus
325 1262 383 1316 est.
451 1283 453 1290 <
700 1323 702 1326 v

60 1353 64 1360 ‘
85 1333 103 1378 *³
158 1337 289 1404 XXXI.
311 1337 356 1401 Bt
370 1336 443 1401 eliis
457 1337 695 1406 Germanorum
709 1337 837 1422 populis
850 1346 1043 1419 usurpatum
1055 1335 1119 1400 rari

84 1417 89 1434 ¹
114 1431 146 1488 ct
159 1423 282 1506 privati
297 1421 454 1506 cujusque
474 1422 636 1502 audentii,
657 1421 743 1507 apud
764 1423 872 1488 Cattos
885 1420 921 1485 in
935 1441 1120 1488 consensum

114 1508 219 1587 vertit,
234 1516 270 1571 ut
285 1505 423 1591 primum
437 1507 644 1588 adoleverint,
658 1508 780 1574 crinem
790 1508 985 1589 barbamque
998 1506 1121 1572 submit·

113 1603 189 1675 tere,
204 1612 274 1673 nec,
297 1593 360 1658 nisi
374 1595 465 1658 horte
479 1613 572 1674 creso,
593 1613 713 1659 exuere
727 1592 874 1659 votivum
888 1592 1119 1678 obligatumque

115 1678 225 1745 virtuti
239 1679 304 1744 oris
328 1679 484 1744 habitum.
527 1679 632 1763 Super
653 1678 845 1767 sanguinem
867 1686 899 1741 et
918 1677 1023 1761 spolie
1041 1698 1120 1743 reve·

115 1765 185 1832 lant
198 1765 344 1846 frontem,
365 1783 462 1850 saque
488 1771 576 1832 ‘turn
599 1765 733 1829 demum
754 1763 854 1847 pretia
876 1761 1030 1828 nascendi
1045 1774 1119 1828 reto
1166 1809 1167 1844 3

114 1851 200 1933 lisso,
222 1850 398 1939 dignosque
413 1846 772 1934 pctrii-ac'parentibus’
793 1848 909 1913 lerunt.
952 1848 1119 1935 lgneriset
1166 1871 1167 1922 3

115 1935 301 2003 imbellibus
315 1948 423 2004 monet
436 1935 573 2035 squalor.
618 1934 826 2000 Fortissimus
838 1933 976 2017 quisque
989 1934 1117 2000 ferreum
1166 1949 1167 2010 j

115 2022 246 2107 insuper
261 2024 423 2091 annulum
444 2019 711 2109 (ignominiosum
732 2019 766 2086 id
787 2019 889 2107 genti)
910 2020 1003 2085 velut
1016 2019 1118 2086 vincu·
1166 2017 1167 2097 Τ

115 2108 187 2174 lum
210 2118 321 2193 gestat,
349 2107 453 2172 donee
476 2128 510 2172 se
533 2106 622 2173 crede
646 2106 747 2171 hostis
771 2107 926 2171 absolvat.
977 2104 1116 2171 Plurimis
1166 2110 1167 2169 ἒ

117 2194 282 2258 Gallorum
296 2192 351 2257 hic
372 2194 477 2278 placet
500 2193 638 2257 babitus.
681 2192 817 2276 Jamque
839 2199 955 2257 cenent
974 2192 1114 2278 insigma,

115 2295 146 2344 et
161 2277 304 2344 hostibus
313 2278 411 2345 simul
425 2278 556 2362 suisque
567 2278 744 2347 monstrati.
787 2277 944 2342 Omnium
957 2276 1114 2360 penerhos
1166 2298 1167 2307 ¹

115 2363 209 2431 initia
229 2384 434 2452 pugnarum:
457 2365 526 2430 hec
539 2364 644 2447 prima
665 2383 788 2446 semper
803 2364 897 2442 acies,
918 2362 994 2427 visu
1015 2373 1113 2426 torre:

116 2469 195 2516 nam
221 2469 262 2516 ne
288 2449 325 2516 iu
353 2469 431 2538 pace
459 2449 589 2534 quidem
618 2450 712 2514 vultu
742 2448 865 2516 mitiore
887 2454 1112 2513 mansuescunt
1166 2464 1167 2511 l

116 2534 208 2602 Nulli
223 2535 348 2618 domus,
366 2545 422 2601 aut
437 2556 521 2623 eger,
545 2545 601 2599 aut
615 2535 725 2618 alique
737 2553 835 2599 cura:
857 2544 951 2618 prout
965 2532 1007 2597 ed
1020 2552 1113 2617 quem
1166 2556 1167 2559 ¹

114 2640 179 2771 3⁰⁰
205 2622 329 2701 venere,
353 2623 506 2688 aluntur:
539 2621 663 2706 prodigi
689 2619 795 2700 alieni,
817 2628 1029 2685 contemtores
1054 2617 1121 2682 sulz·

137 2724 216 2771 onec
224 2727 322 2770 cusan
370 2707 397 2771 is
410 2718 558 2773 senectus
567 2718 635 2772 tam
648 2706 738 2770 durae
753 2703 863 2770 virtuti
874 2704 1013 2788 imperes
1023 2703 1111 2768 saciet

159 2791 306 2858 XXXII.
372 2791 473 2857 oximi
500 2794 601 2857 Cattis
626 2802 748 2857 certum
769 2791 839 2874 jam
858 2792 951 2854 alueo
965 2789 1110 2866 Rhenum,

115 2877 236 2963 quique
249 2877 407 2944 terminus
418 2896 488 2941 esse
502 2879 649 2961 sufficiat,
663 2877 769 2960 Usipii
782 2897 820 2941 uc
835 2874 987 2941 'I'enoteri
1007 2877 1110 2939 colunt
1166 2876 1167 2963 l

117 2963 281 3047 Tencteri,
295 2981 391 3048 super
405 2963 537 3029 solitum
557 2964 715 3031 bellorum
735 2962 843 3042 decus,
857 2959 1014 3044 equestris
1035 2954 1111 3024 disci·
1166 2974 1167 3043 ἦ

116 3053 213 3203 flius
228 3064 293 3118 erte
307 3051 508 3136 precellunt.
552 3049 621 3114 Nec
643 3047 743 3130 major
763 3047 848 3132 apud
863 3048 972 3110 Cattos
986 3045 1110 3129 peditum
1166 3046 1167 3073 ²

130 3157 197 3219 eus,
212 3145 310 3221 quarn
326 3135 496 3201 Tencteris
521 3135 677 3220 equitum.
719 3133 775 3200 Sic
796 3131 961 3197 instituere
983 3130 1108 3212 majores,

115 3223 231 3308 posteri
260 3223 436 3287 imitantur.
481 3222 525 3287 Hi
552 3223 644 3287 lusus
671 3218 852 3296 infantium,
877 3216 947 3280 haec
969 3215 1109 3298 juvenum

30 3342 31 3345 ¹
116 3308 288 3388 emulatio,
302 3317 507 3391 perseverunt
520 3326 631 3372 senes:
654 3305 736 3370 inter
748 3303 902 3368 familiam
912 3313 944 3366 et
953 3302 1108 3367 Penateset

112 3392 188 3474 juro
201 3392 443 3456 successionum
457 3392 530 3474 eqni
546 3392 734 3473 traduntur3
757 3388 987 3471 ancipitibus,
1001 3406 1068 3468 noo,
1079 3391 1107 3449 ut
1166 3464 1167 3467 Ἴ

114 3488 227 3558 cetera,
244 3474 402 3541 maximus
417 3485 505 3556 nutu,
520 3477 576 3542 sed
591 3485 686 3560 prout
696 3475 786 3540 ferox
800 3475 885 3538 bello
899 3485 931 3538 et
942 3473 1057 3538 melior.

159 3560 322 3629 XXXIII.
345 3559 445 3624 Juxta
462 3560 639 3626 Tencteros
650 3558 794 3626 Bructeri
806 3558 886 3624 olim
899 3557 1105 3625 occurrebant:

50 3644 55 3653 '
111 3644 658 3731 nuneGbemavosetAngrivarios
672 3644 873 3733 immigrasse
886 3639 1104 3728 narratur,pul·
1166 3732 1167 3739 ἵ
