2392 4050
335 180 381 226 na
400 158 797 226 domandarum.
1010 149 1075 216 221

53 331 103 397 ris
118 331 259 402 mutatis
281 332 467 399 cultoribus.
508 331 576 398 Sed
598 331 708 396 utrr'rm
728 325 874 425 Aravisci
895 324 930 389 in
950 323 1077 420 Panno

54 418 144 482 niem
162 420 204 483 ab
220 416 310 499 Osis,
326 420 563 484 Germanorum
575 416 717 497 natione,
731 431 774 479 an
788 414 846 480 Osr
860 412 901 476 ab
914 412 1077 475 Araviscis

51 502 85 568 in
103 504 337 585 Germaniam,
359 503 649 589 commigraverint,
670 503 745 566 crim
763 497 877 564 eodem
894 495 1002 559 adhuc
1016 511 1079 588 scr·

54 606 160 669 mone,
185 589 359 670 institutis,
379 589 522 656 moribus
543 598 685 670 utentur,
706 587 865 652 incertum
889 591 956 646 est:
991 595 1078 662 quta,

53 674 121 755 pari
136 674 224 739 olim
238 673 351 758 inopiis
365 695 403 739 ac
417 675 570 753 libertate,
590 672 703 739 eadem
722 671 890 752 utriusque
905 664 982 762 ripae
995 664 1080 728 bons

55 759 208 842 malaque
234 771 339 825 erant
352 760 519 834 tll'rereri
543 769 575 823 et
598 759 713 824 Nervii
735 758 823 822 circa
845 752 1081 818 affectationem

55 844 267 909 Germanice
290 844 426 930 originis
443 845 533 914 ultrb
555 843 714 908 ambitiosi
737 854 823 921 sunt,
844 849 999 923 tunquam
1022 850 1080 917 per

54 926 139 992 hanc
153 929 303 1014 gloriam
323 930 501 1017 sanguinis,
523 950 544 994 a
561 928 772 996 similitudine
791 939 823 990 et
840 919 1080 1019 inertie-Gallo·

54 1030 128 1077 rum
150 1025 358 1099 separentur.
402 1016 509 1099 lpsam
529 1013 637 1080 Rheni
658 1016 762 1099 ripam
781 1010 869 1076 haud
885 1007 983 1075 dubie
999 1007 1080 1069 Ger·

55 1116 235 1164 manorum
258 1100 371 1185 populi
395 1102 516 1181 colunt,
540 1099 735 1186 Vangiones,
755 1096 898 1177 Triboci,
920 1095 1096 1159 Nemetes..

56 1182 104 1247 Nc
119 1184 199 1249 Ubii
214 1185 362 1269 quidem,
375 1205 562 1270 quenquam
572 1184 720 1250 Romanu
733 1181 862 1248 colonis
874 1200 942 1245 esse
957 1194 1080 1244 merue-

55 1267 127 1349 rint,
150 1291 191 1334 uc
206 1271 362 1337 libentius
378 1273 657 1358 Agrippinenses,
678 1266 917 1342 cauditorissui
938 1264 1080 1358 nomine,

56 1366 226 1437 vocentur,
249 1358 376 1443 origine
389 1358 590 1438 erubescunt,
613 1354 802 1443 transgressi
822 1353 902 1417 olim
915 1360 1082 1433 etexpeu·

57 1451 167 1506 mento
182 1442 265 1505 fidei
282 1461 380 1526 super
399 1443 503 1525 ipsam
520 1442 629 1507 Rheni
647 1444 751 1528 ripam
764 1438 922 1520 collocati,
944 1446 982 1501 ut
994 1451 1080 1498 arce·

59 1535 136 1604 rant,
152 1544 225 1592 non
241 1537 280 1592 ut
293 1527 538 1593 custodirenturs
746 1569 747 1578 ι

100 1610 233 1677 ΧΧΙΧ.
259 1613 417 1680 Omnium
431 1613 548 1679 harum
562 1614 709 1699 gentium
722 1613 839 1678 virtute
853 1605 1008 1692 praecipui
1020 1607 1080 1670 Ba·

59 1694 133 1775 tari,
148 1713 219 1761 nou
236 1699 378 1763 multum
391 1718 434 1763 ex
448 1698 526 1783 ript,
548 1699 605 1764 sed
619 1700 760 1764 insulem
773 1694 880 1760 Rheni
895 1694 1009 1772 amnis,
1029 1710 1081 1756 co·

61 1777 140 1860 lunt,
163 1779 338 1848 Cattomm
350 1784 514 1868 quondum
532 1785 673 1870 populus
686 1792 717 1848 et
730 1782 884 1846 seditione
905 1775 1080 1842 domestici

61 1861 96 1928 in
106 1885 162 1929 eas
175 1868 273 1934 sedes
286 1879 511 1956 transgressus,
526 1872 560 1935 iu
575 1870 694 1953 quibus
708 1886 782 1951 pars
796 1866 936 1930 Romani
950 1863 1080 1947 Imperii

63 1946 183 2015 fierent.
233 1955 346 2019 Manet
355 1957 458 2020 honos
469 1965 501 2019 et
511 1955 654 2040 antiquar
664 1953 825 2019 societatis
834 1951 980 2036 insigne:
1002 1968 1081 2016 nam

63 2052 121 2101 nec
143 2040 275 2105 tributis
299 2052 556 2125 contemnuntur,
579 2062 641 2109 nec
661 2039 855 2126 publicanus
878 2038 1003 2102 atterit:
1023 2056 1081 2102 ex·
1110 2108 1112 2112 ,

64 2123 138 2186 emti
152 2128 306 2192 oneribus
319 2138 351 2190 et
365 2127 597 2209 collationibus,
618 2139 650 2191 ct
663 2127 786 2190 tannim
799 2125 834 2189 iu
847 2144 944 2193 usum
957 2123 1081 2210 praelio·

63 2221 136 2272 rum
149 2212 293 2295 sepositi,
315 2215 406 2277 velut
428 2215 492 2278 tela
514 2233 534 2278 a
567 2232 610 2278 uc
635 2232 732 2293 arma,
754 2211 848 2276 bellis
864 2222 1079 2277 reservantur.

65 2289 125 2356 Est
138 2293 175 2359 in
197 2296 312 2362 eodem
334 2299 486 2382 obsequio
504 2313 544 2364 et
594 2300 782 2363 ettiacorum
806 2316 897 2382 gens.
940 2295 1081 2360 Protulit

66 2377 151 2444 enim
165 2383 356 2468 magnitudo
371 2384 488 2468 Populi
502 2384 642 2450 Romani
655 2385 741 2447 ultra
754 2383 915 2463 Rhenum,
930 2384 1079 2463 ultraque

65 2472 185 2528 veteres
200 2468 364 2550 terminos,
386 2468 516 2552 Imperii
528 2469 748 2535 reverentiam.
791 2469 841 2532 Ita
858 2467 933 2531 sede
947 2466 1080 2533 finibus·

67 2565 126 2629 que
141 2549 176 2616 in
190 2553 251 2617 sub
265 2553 344 2637 ript,
358 2567 465 2619 mente
475 2556 646 2638 animoque
658 2553 835 2633 nobiscum,
850 2563 960 2640 agunt,
976 2562 1081 2620 cetera

68 2632 189 2702 slmiles
204 2639 345 2719 Batavis,
368 2640 431 2704 nisi
445 2640 532 2723 qubd
555 2642 624 2725 ipso
645 2640 753 2704 adhuc
776 2649 946 2704 tenesne
965 2641 1035 2704 solo
1048 2651 1081 2707 et

70 2720 150 2784 coelo
174 2724 278 2789 acrius
303 2725 496 2791 animantur.
539 2728 616 2792 Nou
638 2723 877 2790 numeraverim
896 2725 980 2791 iuter
1002 2727 1082 2791 Ger·

67 2805 181 2871 maniae
195 2811 341 2892 populos,
356 2830 541 2895 quanquam
556 2823 644 2876 trans
658 2810 811 2877 Rhenum
825 2812 1079 2895 Danubiumque

72 2892 272 2983 considerint,
293 2917 356 2974 eos,
378 2897 433 2979 qui
450 2899 643 2962 Decumates
658 2917 752 2983 agros
766 2908 926 2962 exercent.
969 2897 1081 2960 Levis·

44 3043 46 3053 ,
67 2989 169 3044 ¹sunus
183 2980 320 3066 quisque
335 2984 515 3063 Gallomm,
536 2991 566 3047 et
581 2982 689 3064 inopii
703 2981 818 3059 audax,
841 2981 947 3046 dubiae
961 3001 1081 3064 posses-

71 3056 166 3126 sionis
180 3068 286 3132 solum
301 3067 509 3152 occupavere.
554 3067 634 3130 Mox
648 3066 749 3130 limite
763 3076 843 3148 acto,
865 3066 1080 3153 promotisque

48 3204 51 3217 ,
73 3149 233 3234 praesidiis,
248 3154 339 3217 sinus
355 3152 484 3237 Imperii
498 3161 531 3216 et
543 3170 617 3235 pars
631 3149 805 3235 provinciae
818 3153 985 3218 habentur.

32 3218 62 3283 Χ
78 3307 85 3321 .
113 3230 224 3302 XXX.
247 3239 339 3304 Ultra
353 3241 413 3303 hos
428 3237 512 3303 Cani
526 3236 657 3302 initium
667 3235 750 3300 sedis
764 3238 804 3301 ab
817 3238 979 3323 Hercynio
994 3243 1079 3310 saltn

76 3317 233 3409 luchouut,
256 3332 322 3389 n'on
337 3323 382 3390 ita
400 3324 510 3390 effusis
534 3343 572 3388 ac
595 3323 788 3406 palustribus
813 3324 893 3389 locis
917 3335 954 3389 ut
968 3339 1079 3394 'caterua

75 3402 223 3488 elvitates,
245 3409 281 3474 in
303 3430 384 3492 quas
406 3409 582 3475 Germania
603 3409 756 3494 patescit:
782 3410 900 3475 durant
921 3412 1082 3496 siquidem

68 3485 178 3575 colles,
193 3496 412 3578 paulatimque
423 3507 607 3562 rarescunt:
629 3508 661 3560 et
676 3496 783 3560 Cattos
796 3514 872 3560 suos
885 3497 985 3562 saltus
1000 3500 1080 3561 Her·
1167 3522 1168 3555 ι

78 3573 187 3650 cynius
200 3580 409 3664 prosequitur*
424 3583 522 3661 simul
541 3591 637 3666 atque
655 3580 793 3663 deponit.
837 3581 979 3644 Duriors
992 3583 1080 3663 genti
1116 3666 1118 3670 Ι
1167 3612 1169 3677 ᾗ

79 3664 210 3750 corpora,
224 3666 325 3732 stricti
340 3677 437 3750 situs,
452 3667 571 3814 miuus1
574 3667 689 3815 gpltus
703 3673 736 3727 et
749 3662 850 3743 major
864 3664 963 3727 enimi
976 3663 1078 3745 vigor.
1167 3711 1169 3752 ζ
