2392 4050
342 256 390 307 nr
406 241 646 310 Oeeroerees
661 243 855 312 Dreroooe.
1048 254 1116 321 287

77 409 253 490 verebaris,
277 415 357 475 curn
372 430 447 475 earu
470 412 619 498 glorium,
642 428 743 499 quam
766 416 824 481 tibi
842 416 899 482 elii
921 420 1115 503 comodum

78 492 147 575 ipse
161 495 221 558 tibi
235 495 429 581 denegares.
590 506 594 509 '
1120 575 1124 583 ,

120 578 237 661 Neque
251 580 359 659 illiue,
382 579 497 662 inquit,
519 583 678 646 sermonis
699 584 764 647 mei
786 585 1010 667 poenitentiam
1031 608 1121 674 egoi

76 674 256 744 nequeant
273 663 478 745 Secundum,
494 676 551 729 aut
565 666 761 748 Maternum,
779 681 838 732 eut
851 670 1000 753 teipsum,
1016 675 1114 756 Aper,

77 747 287 830 (quanquam
307 749 472 812 interdum
485 751 520 814 in
535 752 734 816 oonuerium
754 752 915 840 disputes)
938 756 1031 820 aliter
1044 776 1116 822 sen·

78 827 135 891 tire
149 832 261 896 credo.
309 835 359 898 Ac
374 834 474 898 velim
493 834 702 916 impetratum
722 838 763 901 ab
778 838 889 921 aliquo
903 841 1054 921 vestrim,
1076 851 1116 907 ut

75 930 191 978 causes
207 916 315 998 hujus
329 917 464 982 infinita
474 917 663 983 differentiae
671 932 833 986 scrutetur
848 942 886 987 ec
901 922 1023 1003 reddat,
1055 944 1114 990 nes

77 1015 207 1065 mecum
222 1002 296 1084 ipse
317 1003 509 1085 plerumque
525 1005 693 1087 conquiro.
739 1006 793 1087 Et,
814 1006 903 1090 quod
917 1009 1018 1090 quibu
1058 1029 1114 1075 em

73 1083 191 1147 solario
218 1097 279 1165 est,
310 1086 392 1150 milri
419 1097 517 1172 auget
539 1089 762 1170 questionem,
790 1093 868 1172 quis
891 1092 988 1157 video
1013 1094 1114 1160 etiam

77 1166 187 1230 Graiis
202 1171 375 1248 eccidisse,
389 1182 427 1234 ut
438 1172 567 1256 longiis
577 1173 661 1236 absit
672 1174 831 1238 AEsehine
844 1185 877 1239 et
891 1176 1112 1243 Demosthene
1128 1188 1132 1195 ’

74 1248 234 1318 Sacerdos
249 1256 313 1319 iste
328 1256 466 1337 Nicetes,
482 1269 514 1320 et
528 1256 555 1319 si
571 1258 744 1339 quisalius
760 1259 932 1341 Ephesum
945 1263 997 1324 vel
1014 1262 1113 1346 Mity-

78 1332 166 1401 lenes
180 1350 361 1404 contentus
380 1339 651 1406 scholasticorum
663 1343 864 1407 clamoribus
876 1344 991 1427 quatit,
1011 1353 1114 1427 quem

76 1419 162 1500 Afer,
184 1435 246 1487 eut
264 1423 450 1508 Africanus,
472 1436 530 1492 eut
548 1446 608 1490 vos
628 1426 690 1513 ipsi
706 1449 726 1491 e
741 1429 898 1494 Cicerone
918 1438 975 1494 eut
995 1431 1111 1496 Asinio

77 1508 266 1572 recessistis.

117 1589 211 1656 XVI.
237 1595 405 1681 Magnam,
426 1594 534 1678 iuquit
555 1595 738 1674 Secundus,
759 1607 792 1660 et
815 1596 950 1682 diguam
970 1606 1110 1664 tractatu

79 1678 297 1753 quaestionem
316 1680 470 1742 movisti:
493 1678 549 1743 sed
569 1680 644 1762 quis
667 1700 740 1744 eum
757 1678 875 1758 justins
892 1682 1111 1764 explicaverit,

78 1759 175 1838 quim
189 1771 238 1843 tu,
261 1760 304 1827 ad
318 1763 415 1844 cujus
434 1782 597 1827 summam
617 1762 832 1827 eruditionem
845 1773 877 1828 et
890 1765 1113 1846 prestantissi·

81 1857 172 1908 mum
188 1846 364 1933 ingenium
378 1866 458 1912 cura
470 1864 602 1930 quoque
615 1857 648 1910 et
662 1846 826 1911 meditatio
842 1847 1003 1912 accessiri

120 1927 165 1991 Et
176 1931 330 2012 Messala,
339 1934 508 2017 Apulam,
521 1931 640 2014 inquit,
652 1931 862 2015 cogitationes
873 1950 971 2012 meas,
986 1933 1014 1994 ei
1028 1931 1111 1996 illud

76 2015 202 2079 euobis
217 2018 295 2082 aute
310 2017 533 2101 impetravero,
549 2027 587 2081 ut
602 2036 662 2081 vos
675 2033 807 2102 quoque
821 2035 1005 2083 sermonem
1019 2017 1110 2084 hunc

80 2106 228 2166 nostrum
242 2101 414 2182 adjuvetis.
650 2143 656 2148 «

121 2181 187 2246 Pro
199 2186 341 2265 duobos,
356 2186 462 2268 inquit
477 2185 654 2266 Maternus,
669 2187 841 2269 promitto:
862 2203 942 2249 nom
955 2197 988 2251 et
1001 2204 1063 2272 ego
1077 2198 1111 2253 et

78 2261 254 2333 Secundus
268 2288 468 2351 exequemur
487 2279 592 2352 partes
607 2289 690 2355 ques
704 2270 972 2350 intellexerimus,
995 2280 1026 2334 te
1041 2289 1109 2338 non

79 2354 145 2412 tarn
155 2354 313 2435 omisisse,
327 2361 428 2436 quem
437 2353 531 2415 nobis
542 2354 720 2435 reliquisse.
764 2356 892 2436 Aprum
902 2354 990 2418 enim
1005 2356 1109 2419 solere

78 2428 259 2516 dissentire,
281 2448 362 2501 etto
377 2437 476 2520 pauli>
494 2439 569 2500 ente
590 2436 714 2517 dixisti,
734 2438 848 2519 etipse
868 2437 944 2500 setis
958 2436 1109 2502 menifes-

81 2523 141 2596 tus,
160 2519 357 2599 jamdudum
370 2522 406 2585 in
425 2522 626 2586 contrarium
645 2520 784 2605 accingi,
805 2540 868 2584 nec
882 2541 909 2584 ω
931 2539 975 2584 uo
997 2522 1109 2587 enimc

79 2603 218 2746 perferre
248 2607 336 2672 herro
360 2603 514 2671 nostram.
529 2625 588 2689 pro
618 2605 827 2690 antiquomm
851 2541 950 2674 lauda
975 2624 1109 2672 concor·

104 2703 177 2753 tem.

123 2772 198 2839 Non
210 2771 309 2856 enim,
324 2776 430 2859 inquit
440 2777 537 2858 Aper,
553 2776 738 2841 inauditum
748 2784 780 2839 et
791 2774 996 2841 indefensum
1005 2788 1116 2842 secu·

82 2848 150 2919 lum
172 2872 321 2925 nostrum
346 2860 450 2944 patiar
472 2860 535 2926 hec
557 2862 663 2926 vestri
684 2860 922 2945 conspiratione
947 2858 1108 2925 damnari.

82 2934 147 3003 Sed
157 2943 220 3010 hoc
230 2946 369 3029 primiun
380 2946 591 3040 interrogabo,
606 2961 687 3027 quos
699 2945 821 3008 vocetis
833 2946 999 3027 antiques,
1008 2961 1110 3038 quem

82 3035 245 3094 oratorum
255 3039 382 3109 oetatem
392 3030 575 3115 signatione
584 3029 646 3093 isti
654 3026 901 3091 determinetis?
932 3025 1108 3109 Egoemm

83 3107 155 3176 eim
168 3113 265 3179 audio
281 3116 439 3197 antiquos,
460 3113 620 3197 quosdam
632 3122 756 3175 veteres
771 3119 802 3176 et
815 3110 895 3174 olim
908 3111 1109 3176 netosintel·

55 3188 167 3280 ‘lig03
190 3217 229 3265 ec
248 3199 329 3265 mihi
352 3208 524 3266 versantur
550 3206 626 3262 ante
648 3196 762 3259 oculos
784 3194 919 3277 Ulyseee
933 3203 965 3258 et
980 3195 1107 3280 Nestor,

84 3293 231 3357 quorum·
243 3295 322 3349 retas
336 3285 428 3348 mille
445 3282 512 3347 iere
526 3292 558 3345 et
570 3280 722 3346 ducentis
743 3280 838 3343 annis
852 3280 1012 3346 seculum
1033 3299 1107 3368 nos·

84 3370 168 3432 trum
179 3368 361 3434 antecedit:
382 3388 440 3432 vos
458 3376 568 3432 eutem
588 3365 845 3430 Demosthenem
860 3371 892 3428 et
906 3364 1108 3451 Hyperidem

85 3450 236 3533 profertis,
258 3452 433 3550 quossotis
447 3462 572 3518 constat
586 3451 731 3535 Philippi
745 3460 778 3514 et
791 3449 970 3546 Alexandri
986 3462 1107 3527 tempo—

85 3531 170 3601 ribus
183 3539 350 3603 ilomrsse:
372 3539 419 3600 ite
433 3548 551 3616 tomen,
574 3547 612 3601 ut
634 3537 764 3619 utrique
786 3542 971 3627 superstites
989 3538 1106 3591 essent

86 3614 215 3706 Exque
230 3634 369 3706 apperet,
391 3641 459 3686 non
475 3623 579 3686 multo
601 3623 720 3703 plures,
741 3618 842 3697 'quim
854 3614 1106 3704 queduugentoe

84 3715 182 3774 tucos
204 3708 359 3775 iuteresse
383 3708 466 3773 iuter
489 3715 634 3771 nostram
653 3714 686 3765 et
702 3696 931 3763 Demosthenis
953 3695 1118 3753 aetatemr,
