2392 4050
35 11 175 84 ff

61 221 222 314 autu]
335 224 578 292 Hispanum.
594 226 780 297 Quassus.
1003 226 1066 292 159

59 413 140 462 more
161 397 321 481 majorum
334 396 514 483 puniendos
531 398 703 484 flagitabat.
747 396 898 482 Optimus
920 406 978 481 est,
996 412 1069 484 post

57 485 170 548 malum
180 484 373 569 Principem,
388 483 457 548 dies
472 487 612 567 primus!

96 570 212 636 XLIII.
235 570 345 635 Tanto
359 589 436 633 eum
449 588 580 634 assensu
590 570 727 635 Senatus
741 568 871 633 auditus
885 579 933 633 est
944 569 1070 635 Monta·
1148 541 1149 544 Ἴ

56 670 123 735 nus,
137 665 173 719 ut
186 675 276 740 spem
298 667 424 740 caperet
444 654 625 734 Helvidius,
641 675 733 739 posse
755 656 853 719 etiam
875 653 1070 724 Marcellum

56 741 214 820 prosterni.
258 741 360 826 Igitur
382 741 510 805 alaude
526 742 637 805 Cluvii
651 741 728 805 Rufi
742 760 843 821 orsus,
857 740 923 823 qui,
937 741 1071 824 perinde

56 822 141 888 divos
155 836 187 890 et
199 826 382 910 eloquentiis
395 827 512 905 clarus,
523 828 607 891 nulli
621 846 766 911 unquam
777 827 838 889 sub
853 826 981 891 Nerone
990 827 1072 910 peri·

55 911 164 976 culum
191 910 378 993 lacessisset,
404 910 540 975 erimine
564 912 662 977 simul
692 913 903 996 exemploque
932 912 1072 996 Eprium

54 998 199 1082 urgebat:
222 996 408 1062 ardentibus
437 997 570 1062 Patmm
595 998 721 1061 animis.
764 996 866 1068 Quod
890 998 946 1061 ubi
970 997 1073 1064 sensit

57 1080 237 1164 Marcellus,
251 1084 346 1147 velut
356 1081 514 1147 excedens
528 1083 640 1146 curii:
664 1083 790 1163 ‘Imus’
805 1082 918 1165 inquit,
934 1084 1071 1169 ‘Prisee,

55 1178 84 1229 et
96 1169 308 1251 reIInquimus
323 1168 381 1232 tibi
394 1169 551 1234 Senatum
565 1178 660 1232 tuum
674 1190 682 1233 ε
704 1187 814 1254 regna,
828 1178 985 1251 praesente
1004 1171 1073 1233 Cae-

56 1254 140 1317 sare!
184 1254 384 1338 Sequebatur
401 1253 512 1318 Vibius
533 1253 685 1337 Orispus:
708 1255 803 1317 ambo
826 1252 952 1333 infensi,
975 1257 1073 1322 vultu

57 1336 201 1404 diverso:
224 1340 400 1405 Marcellus
415 1335 595 1405 minacibus
617 1339 731 1421 oculis,
747 1340 879 1423 Crispus
901 1339 1073 1407 renidens:

56 1420 153 1489 donec
168 1444 305 1489 accursu
330 1424 511 1489 amicornm
531 1427 778 1490 retraherentur.
822 1426 905 1490 Gbm
925 1427 1075 1511 gilsecret

57 1521 224 1592 certamen,
237 1511 315 1575 hinc
337 1510 431 1574 multi
445 1510 594 1593 bonique,
611 1513 687 1576 inde
711 1510 808 1594 pauci
832 1520 864 1574 et
878 1511 1074 1660 validi,(per·

56 1594 212 1661 tinacibus
225 1596 308 1661 odiis
321 1596 496 1675 tenderent,
512 1607 701 1661 consumtus
714 1616 770 1679 per
784 1596 979 1661 discordiam
1016 1598 1073 1662 ies.

94 1682 212 1748 XLIV.
235 1681 389 1746 Proximo
413 1681 546 1761 Senatu,
567 1681 742 1745 inchoante
767 1683 904 1760 Caesare,
920 1681 979 1744 ‘de
1001 1684 1075 1747 abo·

57 1765 146 1832 londo
159 1767 270 1832 dolore
284 1766 404 1849 itique,
416 1776 448 1829 et
461 1766 607 1849 priorum
621 1780 803 1849 temporum
814 1765 1074 1847 necessitatibus,’

57 1851 178 1917 censuit
192 1852 367 1916 Mucianus
381 1852 507 1937 prolixe
534 1871 590 1936 pro
614 1851 875 1915 accusatoribus:
897 1851 995 1916 simul
1018 1871 1074 1916 cos

56 1938 106 2020 qui
120 1951 268 2022 creptam,
282 1936 358 2001 dein
383 1938 544 2018 omissam,
566 1938 726 2001 actionem
748 1944 934 2017 repeterent,
949 1938 1077 2002 monuit

57 2040 199 2089 sermone
224 2023 325 2104 molli,
350 2032 382 2089 et
405 2034 561 2108 tanquam
588 2034 724 2108 rogaret.
769 2021 880 2087 Patres
903 2033 1075 2107 coeptatam

58 2108 237 2190 libertatem,
253 2119 421 2195 postquam
442 2110 569 2175 obviim
591 2109 682 2190 itum,
702 2107 847 2173 omisere.
890 2109 1074 2190 Mucianus,

58 2212 94 2257 uc
104 2196 212 2279 sperni
223 2197 360 2261 Senatris
367 2195 529 2277 judicium
538 2205 569 2259 et
578 2194 705 2258 cunctis
716 2196 776 2258 sub
788 2194 916 2259 Nerone
927 2194 1076 2260 admissis

59 2279 127 2344 data
152 2281 327 2365 Impunitas
349 2280 521 2360 alderetur,
545 2275 721 2345 Octavium
743 2280 900 2366 Sagittam
922 2289 954 2345 et
968 2281 1076 2344 Antis·

58 2363 133 2430 tium
155 2367 337 2447 Sosianum,
363 2366 523 2432 Senatorii
548 2365 679 2446 ordinis,
702 2384 845 2450 egressos
867 2365 1013 2443 exilium,
1039 2365 1075 2431 in

60 2450 181 2516 easdem
195 2451 320 2517 insulas
334 2452 465 2537 redegit.
510 2451 667 2515 Octavius
692 2450 842 2516 Pontiam
864 2451 1075 2531 Postumiam,

60 2545 165 2620 stupro
193 2537 356 2623 cognitam
385 2546 416 2598 et
439 2536 569 2620 nuptias
591 2556 667 2600 suas
689 2536 892 2618 abnuentem,
917 2535 1075 2620 impotens

61 2622 172 2686 amoris
200 2621 418 2702 interfecerat3
449 2621 606 2688 Sosianus
628 2622 785 2704 pravitate
811 2641 939 2686 morum
964 2621 1076 2687 multis

61 2708 217 2773 exitiosus.
261 2709 365 2773 Ambo
380 2708 472 2794 gravi
488 2709 624 2773 Senatus
640 2708 789 2770 consulto
812 2706 956 2772 damnati
978 2707 1078 2791 pulsi·

61 2811 128 2874 que,
141 2794 290 2877 quamvis
305 2813 456 2858 concesso
471 2793 543 2858 aliis
557 2794 671 2871 reditu,
687 2793 721 2857 in
734 2792 952 2877 eidempoenia
962 2792 1077 2856 retenti

62 2889 141 2942 sunt.
186 2879 255 2944 Nec
268 2879 341 2943 ideo
356 2878 455 2942 lenita
469 2898 547 2966 erga
561 2880 753 2943 Mucianum
766 2878 899 2942 Invidia.
943 2878 1079 2960 Quippe

63 2963 212 3028 Sosianus
228 2984 266 3028 ac
288 2964 412 3049 Sagitta
434 2965 524 3045 viles,
538 2965 634 3030 etiam
658 2964 686 3027 si
708 2973 960 3028 reverterentur:
983 2981 1079 3026 accu-

61 3058 198 3115 satorum
212 3050 345 3137 ingenia
355 3060 386 3113 et
400 3069 476 3134 opes
489 3061 522 3114 et
535 3049 679 3114 exercita
692 3051 786 3113 malis
801 3047 922 3114 artibus
936 3047 1079 3130 potentIa

64 3132 260 3200 timebantur.

103 3220 203 3286 XLV.
225 3220 461 3286 Reconciliavit
472 3220 637 3304 paulisper
651 3218 758 3284 studia
772 3229 899 3302 patrum
920 3217 1030 3283 habita
1044 3218 1078 3286 in

49 3382 50 3387 ἵ
64 3301 177 3370 Senatu
189 3306 332 3393 cognitio
342 3305 520 3371 secundum
532 3317 672 3370 veterem
685 3325 816 3369 morem.
861 3305 1004 3369 Manlius
1019 3306 1079 3370 Pa·

67 3391 184 3471 truitus,
200 3394 345 3470 Senator,
361 3393 544 3475 ‘pulsatum
568 3412 603 3455 se
625 3391 659 3454 in
683 3392 810 3457 colonia
834 3389 969 3455 Senensi
992 3401 1080 3455 eoetu

68 3475 276 3542 multitudinis
300 3490 332 3542 et
353 3477 445 3559 jussu
473 3477 731 3563 Magistratuum’
759 3479 971 3560 querebatur:
1001 3483 1081 3539 ‘neo

68 3554 158 3625 linem
178 3562 306 3644 injuria
329 3564 381 3628 hic
398 3562 538 3626 stetisse:
561 3563 731 3645 planctum
752 3575 784 3625 et
809 3563 950 3625 lamenta
974 3568 1005 3621 et
1027 3577 1080 3620 su·

68 3658 240 3723 premorum
255 3650 430 3736 imaginem
444 3648 589 3730 prasenti
612 3649 673 3711 sibi
695 3645 894 3711 circumdata
907 3661 984 3706 cum
1006 3658 1081 3700 con·

69 3733 199 3800 tumeliis
208 3746 240 3800 et
248 3735 462 3822 probris,quas
474 3733 509 3795 in
518 3733 871 3798 Senatumuniversnm
878 3719 1079 3806 jacerentur?

1134 223 1140 244 ·

1146 395 1148 474 l
