2392 4050
244 255 249 264 ·
317 244 364 291 na
378 221 545 289 Moeram
561 187 782 289 (insusurra
996 227 1062 292 21⁷

43 392 185 462 staminis
206 395 303 480 quim
315 393 395 462 viris
417 395 556 477 babitus,
581 394 646 460 nisi
670 394 759 479 qubd
781 392 923 462 immina
945 393 1062 483 asapius

43 482 135 546 lineis
154 482 326 548 amictibus
344 483 504 561 velantur,
531 491 653 565 eosque
673 482 816 566 purpura
834 484 970 564 variant,
991 504 1063 568 par·

43 562 170 651 temque
184 569 317 636 vestitus
331 566 505 651 superioris
519 568 554 631 in
566 567 710 632 manicas
720 586 787 634 non
801 568 989 651 extendunt,
1003 588 1064 636 nu·

40 651 88 715 dae
98 654 238 718 brachia
247 675 285 719 ae
294 656 429 719 lacertos
441 675 450 718 ι
471 653 528 717 red
540 663 573 717 et
581 654 730 736 proxima
735 672 811 751 pars
821 656 956 749 pectoris
967 667 1063 739 patet.

27 731 54 782 Γ
81 738 210 804 XVIII.
234 742 435 822 Quanquam
449 754 563 803 severa
572 738 641 804 illio
651 748 870 803 matrimonia:
885 758 946 805 nee
958 742 1063 812 ullam

41 843 168 889 morum
183 837 307 909 partem
321 824 423 909 magis
445 824 648 890 laudaveris:
670 843 747 889 nam
760 830 862 908 prope
877 824 938 890 soli
952 827 1063 892 barba·

37 927 149 975 rorum
163 910 306 1004 singulis
319 911 476 975 uxoribus
488 909 631 974 contenti
641 921 727 989 sunt,
738 911 877 995 exeeptis
888 910 1063 980 admodum

41 994 160 1078 paucis,
191 995 249 1079 qui
273 1013 338 1062 non
363 993 505 1075 libidine,
534 994 591 1060 sed
614 996 656 1058 ob
678 994 885 1077 nobilitatem,
911 998 1062 1080 plurimis

40 1081 162 1164 nuptiis
185 1082 382 1148 ambiuntur.
425 1082 550 1148 ‘Dotem'
571 1098 638 1149 non
652 1097 736 1145 uxor
754 1082 879 1163 marito,
893 1082 950 1146 sed
964 1084 1062 1151 uxori

40 1167 183 1248 maritus,
200 1168 302 1233 offert.
344 1168 509 1234 Intersunt
523 1176 671 1250 parentes
684 1177 717 1228 et
729 1167 913 1251 propinqui,
937 1188 975 1233 ac
990 1189 1062 1236 nru-

40 1268 115 1315 nera
129 1255 286 1336 probant:
309 1270 445 1318 munera
457 1270 525 1316 non
540 1250 582 1315 ad
592 1249 724 1317 delicias
735 1253 906 1319 muliebres
916 1256 1060 1338 quaesita,

40 1343 98 1401 neo
111 1339 236 1421 quibus
251 1357 337 1403 nova
350 1347 450 1421 nupta
464 1347 631 1421 eomatnr3
653 1335 710 1401 sed
724 1336 823 1401 boves
836 1348 869 1402 et
891 1337 1062 1409 frenatum

40 1441 159 1505 equum
180 1435 214 1488 et
234 1434 364 1489 sontum
377 1441 455 1487 eum
475 1422 598 1486 framea
620 1421 803 1509 gladioque.
846 1425 885 1489 ln
900 1423 969 1489 hoeo
990 1446 1062 1494 nru-

41 1524 115 1572 nera
125 1529 219 1576 uxor
227 1509 404 1594 ancipitum
420 1520 515 1593 atque
529 1506 671 1573 invicem
681 1509 752 1591 ipsa
762 1528 925 1575 armorum
936 1512 1060 1598 aliquid
1125 1570 1128 1579 .

41 1591 106 1658 viro
116 1596 225 1660 affert:
239 1596 302 1660 hoc
311 1593 675 1674 marimumvinaulum,
685 1594 755 1658 beo
764 1600 1059 1679 arcanasacra,hos

41 1678 228 1769 conjugales
243 1682 331 1745 Deos
352 1681 553 1745 arbitrantur.
598 1678 649 1744 Ne
668 1698 702 1743 se
717 1680 835 1743 mulier
849 1692 941 1746 extra
959 1685 1060 1749 virtu-
1169 1731 1170 1742 2

42 1772 107 1829 tum
116 1765 328 1853 cogitationes
335 1777 491 1848 ¹extraque
505 1765 665 1829 bellorum
673 1782 768 1829 ossus
779 1776 878 1847 putet,
890 1766 968 1849 ipsis
979 1768 1060 1833 inci·

41 1850 151 1929 pientia
162 1850 359 1930 matrimonii
369 1849 521 1933 auspiciis
532 1848 731 1929 admonetur,
742 1850 853 1914 venire
867 1853 1060 1921 selaborum
1108 1911 1114 1932 ,
1169 1869 1170 1872 ’

41 1936 331 2021 periculorumque
344 1936 474 2017 sociam,
495 1935 584 2000 idern
606 1934 639 1998 in
664 1954 753 2018 paee,
779 1935 866 1999 idem
885 1934 922 2000 in
947 1940 1059 2021 praelio

42 2037 207 2102 passuram
229 2040 464 2106 ausuramque:
494 2020 555 2086 hoe
576 2019 683 2102 juncti
708 2021 816 2102 boves,
840 2020 904 2086 hoo
926 2035 1059 2107 paratus

30 2103 147 2190 equus,
162 2111 227 2174 hoe
241 2108 316 2173 data
329 2109 419 2174 arma
428 2107 630 2173 denuntiant.
673 2108 730 2173 Sia
744 2107 931 2191 vivendum,
946 2110 994 2175 sio
1005 2130 1057 2195 pe-

42 2195 216 2260 reundum:
239 2196 437 2278 acciperem,
451 2206 522 2276 qua
538 2192 647 2257 liberis
659 2193 817 2258 inviolata
825 2214 863 2259 ac
873 2195 976 2281 digna
988 2197 1056 2264 red·

40 2273 183 2364 datque
199 2298 301 2346 nurus
314 2280 482 2364 accipiant,
498 2297 674 2363 rursusque
688 2280 728 2343 ad
743 2290 872 2362 nepotas
887 2282 1033 2349 reserant

81 2364 175 2434 XIX.
198 2366 288 2462 Ergo
309 2377 414 2451 septae¹
431 2364 591 2448 pudicitia
609 2375 718 2451 agunt,
737 2366 839 2428 nullis
861 2370 1057 2451 spectaculo·

42 2467 111 2515 rum
120 2451 288 2532 illecebris,
300 2449 635 2517 nullisconviriorum
646 2449 876 2515 irritationibus
888 2464 1055 2536 corrupta.

43 2532 221 2601 Literarum
234 2548 356 2602 secreta
366 2535 425 2601 viri
441 2528 559 2620 pariter
568 2555 607 2599 ae
621 2535 760 2600 soeminae
771 2536 928 2621 ignorant.
971 2539 1056 2606 Pau·

41 2620 167 2687 sissima
180 2623 215 2686 in
230 2634 296 2688 tarn
310 2621 481 2718 numerosi
496 2631 591 2708 gente
606 2622 781 2703 adulteria;
804 2641 944 2706 quorum
957 2643 1055 2709 poena
1169 2640 1170 2653 ³

42 2721 185 2789 praesens,
199 2719 231 2772 et
241 2708 362 2773 maritis
378 2722 539 2792 pernnssa.
582 2708 706 2772 decisis
721 2706 873 2790 crinibus,
888 2710 1053 2794 nudatam,

42 2809 147 2858 eoram
165 2793 362 2878 propinquis,
376 2793 508 2876 expellit
522 2792 618 2858 domo
640 2793 783 2872 maritus,
798 2814 835 2858 ae
849 2815 905 2879 per
922 2815 1054 2863 omnem

42 2874 148 2943 meum
162 2882 291 2946 verbere
304 2882 388 2967 agit:
408 2877 578 2967 publicata
599 2880 688 2944 enim
709 2879 870 2964 pudicitiae
891 2882 985 2946 nulla
998 2903 1054 2947 ve·

42 2960 107 3028 uia:
129 2984 196 3029 nnn
211 2963 322 3045 forma,
337 2985 403 3030 non
419 2973 598 3043 seraranan
621 2964 735 3048 opibus
749 2965 901 3031 maritum
921 2965 1054 3032 invene·

43 3046 89 3111 rit.
131 3051 234 3116 Nemo
258 3050 346 3116 enim
367 3050 436 3115 illio
464 3047 544 3111 vitia
562 3049 668 3112 ridet:
698 3068 768 3129 neo,
793 3068 922 3114 carrum
963 3070 997 3117 re
1019 3062 1053 3119 et

41 3136 206 3220 eorrumpi,
229 3137 388 3201 saeeulum
401 3144 545 3199 voeaurr.
589 3133 705 3198 Melius
728 3133 859 3217 quidem
881 3135 921 3199 ad
947 3156 989 3202 ue
1004 3159 1051 3203 ea

41 3217 189 3301 civitates,
203 3220 245 3284 in
268 3222 385 3305 quibus
400 3219 523 3284 tantum
542 3219 685 3306 virgines
707 3221 843 3301 nubunt,
858 3231 978 3290 etcum
992 3243 1064 3310 sps·

42 3315 173 3391 notoque
187 3308 298 3372 uxoris
321 3307 418 3372 semel
442 3304 637 3392 transigitur.
681 3306 737 3372 Sin
762 3325 866 3372 unum
885 3308 1050 3395 accipiunt

44 3391 281 3476 maritumque
305 3390 400 3456 modo
422 3410 528 3456 unum
551 3410 667 3474 eorpus
687 3412 850 3476 unamque
873 3396 982 3478 vitam,
1006 3417 1049 3463 ne

42 3473 107 3539 ulla
118 3479 269 3564 cogitatio
280 3478 373 3558 ultra,
388 3495 429 3541 ne
444 3477 570 3576 longior
584 3477 750 3562 cupiditas,
764 3499 805 3545 ne
816 3490 970 3564 tanquam
982 3502 1048 3546 ma·

43 3559 141 3644 ritum,
163 3563 221 3628 sed
245 3574 400 3646 tanquam
422 3563 673 3646 matrimonium,
693 3574 811 3630 ament.
866 3567 1048 3630 Numerum

43 3640 208 3715 liberorum
224 3649 328 3734 finire,
343 3659 399 3715 aut
417 3667 603 3733 quenquam
625 3670 666 3718 ax
680 3650 806 3738 agnatis
820 3667 945 3725 necare,
958 3647 1048 3731 flagi·
