2392 4050
142 193 206 260 164
505 196 543 262 Ο.
558 196 670 263 Gonu.
684 195 823 262 'Paorrr
959 195 1007 283 [a
1019 195 1054 260 U.
1065 190 1127 264 822.

139 366 267 432 Vocula
285 365 394 449 jubet:
417 365 587 453 ‘depositis
611 369 849 452 impedimentis
870 368 1063 451 sarcinisque,
1082 384 1127 429 ex·

139 449 239 538 pediti
259 454 433 520 canerent?
477 454 567 521 Hinc
584 456 619 518 in
641 457 769 521 Ducem
788 458 910 521 clamor
930 473 1062 541 pugnam
1071 469 1128 534 pos·

140 540 304 605 centium:
326 548 358 604 et
372 539 490 604 minari
503 553 722 606 assitererant.
767 542 816 606 Ne
827 551 967 624 tempore
974 534 1129 624 quidemad

140 624 357 690 ordinandam
377 626 480 691 aciem
503 638 606 710 capto,
628 626 833 711 incompositi
858 623 996 709 fessique
1010 621 1131 708 prelium

140 711 303 777 sumsere:
325 728 402 775 nam
416 710 532 776 Civilis
548 711 666 794 aderat,
690 731 757 777 non
782 712 889 776 minus
904 712 992 775 vitiis
1005 708 1130 784 hostiurn,

139 803 240 880 quim
253 796 371 861 virtute
385 815 529 878 suorum,
548 795 659 861 fretus.
705 799 801 862 Varia
815 796 901 882 apud
916 797 1072 861 Romanus
1082 791 1131 856 ior·

140 892 230 963 tuna,
241 892 274 946 et
282 880 544 946 seditiosissimus
553 884 690 967 quisque
700 884 838 969 ignavus
851 906 859 947 ε
872 883 1014 967 quidam,
1023 876 1132 945 recentis

141 967 286 1032 victoriae
298 986 464 1047 memores,
479 969 616 1034 retinere
631 970 751 1051 locum,
766 968 859 1034 ferire
871 969 1004 1048 hostem,
1018 971 1131 1049 seqneet

141 1052 306 1137 proximos
326 1053 468 1118 hortari:
489 1066 522 1119 et
535 1053 751 1140 redintegrati
764 1055 843 1133 acie,
867 1073 985 1117 manus
995 1051 1038 1116 ad
1054 1052 1134 1115 obss

139 1158 193 1202 sos
208 1138 346 1220 tendere,
369 1146 432 1204 ‘ne
445 1139 580 1223 tempori
594 1139 761 1205 deement!
804 1139 868 1219 Illi,
891 1150 1011 1203 cuncta
1023 1157 1040 1201 e
1053 1132 1132 1200 muris

142 1234 316 1305 cernentes,
339 1224 490 1289 omuibus
503 1226 603 1309 portis
617 1238 842 1310 prorumpunt.
885 1227 936 1292 Ac
950 1224 1030 1288 forte
1044 1217 1134 1286 Civilis

143 1308 236 1392 lapsu
250 1310 324 1393 equi
334 1320 519 1394 prostratus,
534 1311 655 1390 crediti
668 1331 724 1397 per
738 1322 912 1396 utrumque
927 1310 1096 1375 exercitum
1103 1302 1135 1369 tr·
1164 1359 1165 1374 ,

142 1394 196 1458 mi
211 1396 437 1460 ‘vulneratum
451 1405 508 1460 aut
522 1395 745 1477 interfectum
766 1399 906 1462 immane
920 1407 1074 1482 quantum
1085 1389 1134 1456 suis

142 1479 485 1565 pavoris,ethostibus
500 1483 682 1565 alacritatis,
697 1482 822 1548 indidit
1163 1491 1165 1544 l

187 1565 330 1633 XXXV.
351 1566 564 1649 SedVocula,
573 1570 700 1634 omissis
710 1567 905 1655 rugientium
918 1564 1136 1652 tergiqvallun
1163 1573 1165 1610 r

142 1660 309 1736 turresque
327 1663 506 1718 castrorum
524 1656 673 1750 augebat,
695 1665 850 1738 tanquam
866 1671 980 1717 rursus
1001 1649 1136 1715 obsidium

143 1738 344 1804 immineret:
366 1738 517 1822 corrupti
532 1749 647 1803 totiens
661 1741 806 1820 victorii,
821 1758 887 1803 non
902 1738 984 1801 falsb
997 1744 1137 1820 suspectus
1164 1775 1165 1814 3

143 1822 267 1889 bellum
280 1824 386 1889 malle.
430 1824 520 1890 Nihil
536 1826 627 1908 aequb
642 1825 803 1889 exercitus
814 1835 946 1902 nostros,
961 1830 1059 1907 quam
1070 1836 1135 1906 eges
1164 1881 1165 1894 ,

145 1918 194 1973 tas
218 1909 393 2007 copiarum,
418 1908 579 1993 fatigabat
635 1910 868 1993 Impedimenta
893 1910 1057 1993 legionum
1079 1919 1137 1968 cunr
1164 1931 1165 1982 q

145 1994 268 2063 imbelli
282 1995 375 2062 turbri
397 1995 576 2063 Novesium
595 1998 702 2076 missa,
722 2008 760 2062 ut
780 1997 864 2076 inde,
886 1992 1025 2060 terrestri
1040 1992 1137 2065 itinere,

144 2079 346 2147 frumentum
358 2081 571 2149 adveherent:
593 2101 670 2147 nam
680 2083 814 2148 flumine
828 2084 935 2146 hostes
949 2079 1137 2167 potiebantur·

146 2165 293 2232 Primum
306 2187 422 2254 agmen
436 2187 588 2234 securum
602 2168 740 2248 incessit,
752 2168 898 2233 nondum
910 2166 987 2231 satis
1002 2167 1086 2229 firmo
1100 2161 1137 2223 Gr·

145 2250 229 2316 vile:
251 2251 318 2336 qui,
343 2253 399 2318 ubi
413 2260 544 2319 ‘rursus
566 2252 681 2318 missos
705 2254 884 2320 Noresium
907 2250 1136 2320 frumentatores

145 2335 298 2422 datasque
312 2337 347 2402 in
362 2337 549 2423 praesidium
563 2341 720 2420 cohortes,
744 2341 835 2405 velut
848 2338 951 2403 multi
967 2357 1042 2422 pace
1054 2336 1136 2415 ingrt
1163 2372 1164 2377 κ

137 2421 189 2488 -di’
204 2422 335 2508 accepit,
350 2443 460 2489 rarum
471 2424 556 2509 apud
569 2425 664 2512 signa
675 2426 818 2504 militem,
834 2444 924 2488 arma
937 2423 973 2488 in
990 2416 1137 2491 vehiculis,

146 2519 280 2575 cunctos
303 2509 433 2574 licentia
457 2530 567 2598 vagos,
590 2512 781 2595 compositos
806 2510 949 2574 invadit:
982 2502 1137 2591 premissis.

145 2594 204 2679 qui
218 2604 330 2680 pontes
343 2608 375 2660 et
385 2594 512 2660 viarum
523 2609 661 2681 augusta
671 2597 852 2662 insiderent.
895 2595 1079 2679 Pugnatum
1088 2590 1138 2651 lou·

146 2700 189 2766 go
204 2680 342 2767 agmine,
364 2690 396 2744 et
413 2681 535 2745 incerto
550 2682 655 2746 Marte
669 2682 771 2747 donec
786 2680 934 2766 praelium
948 2699 1016 2744 nox
1033 2675 1137 2741 dirime

146 2774 204 2831 ret.
249 2764 404 2830 Cohortes
418 2765 603 2832 Geldubam
618 2769 796 2850 perrexere,
815 2765 1027 2844 manentibus,
1045 2772 1078 2826 ut
1089 2758 1137 2822 fus

141 2860 229 2932 rant,
243 2850 364 2934 castris,
381 2869 456 2939 quae
470 2853 659 2919 relictorum
673 2852 741 2918 illic
761 2853 902 2917 militum
916 2849 1059 2933 praesidio
1073 2857 1136 2937 tene

146 2940 272 3004 bantur.
317 2936 391 3002 Non
405 2947 473 3001 erat
493 2937 638 3020 dubium,
660 2939 868 3022 quantumin
885 2954 1033 3022 regressu
1051 2932 1137 2996 discn-

146 3025 245 3090 minis
265 3022 451 3088 adeundum
466 3022 554 3104 soret,
578 3023 863 3089 frumentatoribus
887 3021 1014 3086 onustis
1035 3014 1134 3103 percul·

143 3111 263 3195 sisque.
308 3108 408 3176 Addit
434 3109 589 3175 exercitui
617 3129 678 3174 suo
706 3109 832 3174 Vocula
858 3108 946 3172 mille
977 3105 1136 3194 delectos-t

144 3196 258 3277 quinti
273 3205 305 3259 et
317 3196 555 3279 quintadecimi
569 3195 761 3282 legionibus,
784 3192 870 3277 apud
885 3193 1001 3257 Vetera
1015 3192 1134 3260 omaus,

147 3280 342 3344 indomitum
364 3282 499 3346 militem
512 3293 544 3345 et
557 3281 694 3346 ducibus
708 3278 880 3345 infensum.
924 3277 1047 3357 Plures,
1065 3271 1137 3357 quim

144 3364 362 3447 presumeret,
384 3365 524 3449 profecti,
551 3368 659 3449 palam
674 3366 708 3430 in
721 3366 854 3452 agmine
873 3363 1054 3442 fremebant,
1074 3368 1134 3445 ‘nou

147 3467 182 3511 se
197 3450 282 3513 ultra
296 3446 424 3528 famem,
438 3448 571 3514 insidias
583 3452 788 3536 Legatorum,
802 3449 1010 3515 toleraturos!
1051 3448 1089 3512 At
1095 3455 1133 3526 qt1¹

148 3543 375 3611 remanserant,
397 3532 555 3597 ‘desertos
569 3555 612 3614 se,
628 3535 766 3600 abducti
780 3546 868 3618 parte
884 3534 1064 3620 legionum,'
1080 3543 1133 3611 qut

150 3617 309 3680 rebantur.
354 3616 486 3698 Duplex
507 3617 585 3681 hinc
607 3620 739 3701 seditio;
763 3621 834 3685 aliis
858 3619 1075 3685 revocantibus
1092 3611 1133 3677 ist

149 3701 267 3782 culam,
284 3698 358 3763 aliis
373 3699 475 3764 redire
490 3702 524 3765 in
540 3713 644 3768 castra
658 3704 884 3771 abnuentibus.
