2392 4050
95 162 127 227 l.
141 162 251 248 ote]
382 161 533 226 Hieron.
547 117 628 226 Lus
643 160 797 227 Petinus.
1053 160 1099 226 43
1170 139 1172 150 i

35 373 40 390 .
97 334 182 397 oblita
194 334 532 418 bellommnobilitas5
554 333 688 419 ignarus
699 333 823 402 militiae
834 332 1100 417 Equestqnontd

96 420 186 506 magis
200 422 361 485 occultare
375 433 408 483 et
427 419 542 485 abdere
563 435 717 503 pavorem
737 420 930 501 nitebantur,
952 419 1101 485 munides·

96 506 148 568 tiis
162 507 277 588 paridi.
320 505 390 570 Nec
404 506 535 570 deerant
553 525 572 567 e
594 505 765 587 contrario,
783 505 841 588 qui
856 505 1027 570 ambitione
1040 514 1102 572 sto·

96 590 162 672 lidi,
178 592 352 678 conspicua
364 611 463 670 arma,
478 591 622 677 insignes
636 609 746 674 equos,
765 590 899 675 quidam
917 589 1101 656 luxuriosos

96 689 254 758 apparatus
269 676 496 741 conviviorum
515 688 548 741 et
568 677 768 742 irritamenta
788 676 969 758 libidinum,
993 685 1030 744 ut
1053 675 1102 742 in·

96 772 261 827 strumenta
275 762 362 843 belli,
377 773 604 827 mercarentur.
646 762 853 845 Sapientibus
860 763 977 844 qnietis
986 773 1019 826 et
1028 760 1104 827 Rei·

27 903 28 906 ,
95 847 224 929 publieae
238 868 336 913 cura:
358 847 541 912 levissimus
556 847 693 931 quisque
717 857 750 911 et
771 846 873 914 futuri
891 846 1102 931 improvidus,

27 923 28 1004 i
96 934 239 1014 sperauit
253 945 402 998 tumens:
424 933 517 1000 multi
532 933 652 998 afflicti
666 932 729 997 fide
750 932 786 997 in
806 949 894 1017 paee,
908 952 946 998 ac
969 934 1104 1000 turbatis

27 1015 28 1026 ’
89 1019 182 1097 μῐθῑηιε
195 1019 326 1098 alacres,
340 1029 372 1084 et
384 1038 440 1104 per
455 1020 577 1084 incerta
590 1018 750 1083 tutissimi.

27 1091 29 1112 '
120 1103 328 1197 cmlx.
350 1103 416 1168 Sed
429 1101 1104 1191 vulgus,‘etmagnitudinenimiieommu·

96 1205 183 1253 nrum
205 1209 356 1254 curarum
379 1208 494 1273 expers
522 1192 672 1273 populus,
697 1188 815 1253 sentire
840 1190 998 1272 paulatim
1025 1190 1103 1254 belli

96 1274 183 1354 mula,
197 1274 353 1339 conversi
366 1275 401 1339 in
416 1273 556 1340 militum
569 1295 668 1340 usum
692 1273 782 1358 omni
804 1274 949 1357 pecunie,
971 1275 1103 1339 intentis

27 1423 30 1442 ‚
96 1358 314 1424 alimentorum
329 1359 459 1442 pretiis:
481 1379 564 1443 quae,
586 1371 677 1424 motu
692 1359 846 1439 Vindicis,
868 1359 957 1425 haud
970 1360 1104 1443 perinde

27 1471 28 1526 l
95 1444 214 1527 plebem
228 1445 421 1526 attriverant,
436 1445 549 1510 securi
570 1456 641 1510 tum
662 1447 742 1510 urbe
756 1456 788 1509 et
801 1444 993 1530 provinciali
1007 1446 1103 1527 bello,

27 1561 28 1582 t
96 1530 175 1611 qnod
183 1530 267 1595 inter
279 1530 420 1616 legiones
433 1530 618 1615 Galliasque
629 1532 718 1596 velut
728 1540 899 1595 externum
908 1529 979 1594 fuit.
1009 1530 1103 1613 Nam,

27 1629 28 1688 ᾗ
97 1633 133 1678 ex
146 1636 209 1699 quo
225 1616 510 1701 DivusAugustus
524 1636 574 1681 res
596 1618 764 1681 Oaesarum
780 1615 968 1697 composuit,
982 1617 1105 1700 procul,
1171 1671 1172 1674 ,

97 1700 169 1765 etin
190 1701 291 1765 unius
312 1701 551 1765 solicitudinem
571 1712 628 1765 ent
649 1701 757 1781 decus,
779 1701 920 1783 populus
938 1699 1104 1765 Romanus

97 1783 274 1852 bellaverat.
318 1786 386 1854 Sub
401 1786 534 1851 Tiberio
555 1798 587 1852 et
608 1786 697 1867 Ouio,
720 1786 843 1850 tantlrm
861 1784 949 1867 pacis
970 1785 1106 1852 adverse

97 1868 128 1933 in
141 1871 386 1955 Rempublicam
399 1872 589 1955 pertinuere.
632 1869 834 1935 Scriboniani
850 1879 961 1933 contra
975 1869 1107 1934 Claudi·

97 1974 150 2020 nm
162 1958 290 2042 incepta
303 1957 400 2020 simul
412 1957 521 2021 audita
534 1968 566 2021 ct
579 1956 726 2021 coercita.
770 1955 857 2021 Nero
871 1953 995 2019 nuntiis
1004 1955 1106 2043 megia

98 2052 127 2106 et
139 2043 330 2123 mmoribus,
345 2044 442 2126 quim
454 2044 552 2107 armis
564 2043 728 2127 depulsus.
772 2040 865 2107 Tum
875 2042 1017 2128 legiones
1026 2043 1106 2108 clas·

98 2145 214 2211 nmque,
229 2138 270 2208 et,
285 2129 371 2212 quod
385 2129 456 2193 rard
471 2129 558 2210 aliis,
568 2128 784 2193 Praetoricnus
796 2127 1002 2211 urbanusque
1012 2127 1105 2193 miles

99 2212 130 2275 in
144 2214 247 2278 aciem
257 2213 404 2278 deducti:
427 2214 543 2280 Oriens
555 2214 776 2298 Occidensque
787 2212 982 2298 etqnioquid
993 2213 1107 2280 utrim-

98 2317 156 2381 que
169 2299 293 2363 virium
306 2309 354 2362 est
374 2320 394 2363 a
414 2309 522 2385 tergo:
544 2300 572 2363 si
594 2299 731 2365 ducibus
752 2298 824 2363 aliis
843 2299 997 2362 bellatum
1018 2297 1106 2382 soret,

99 2383 191 2471 longo
214 2385 301 2448 bello
325 2385 465 2449 materie
523 2386 641 2466 Fuere,
665 2385 722 2468 qni
745 2381 957 2467 proficiscenti
984 2383 1106 2449 Othoni

99 2486 198 2534 moras
214 2469 486 2555 ‘religionemque
499 2469 645 2536 nondum
666 2468 870 2534 eonditomm
887 2466 1048 2533 encilirim’
1063 2469 1107 2535 ef·

97 2551 220 2620 ferrent.
263 2557 460 2639 Aspernatus
475 2566 522 2619 est
536 2576 666 2620 omnem
676 2553 922 2634 cunctationem,
932 2563 970 2617 ut
984 2554 1107 2621 Neroni

98 2659 221 2724 quoque
236 2640 437 2790 lepitiosam:
459 2651 491 2706 et
513 2641 652 2724 Oaecina,
670 2638 740 2723 jum
763 2641 862 2725 Alpes
881 2647 1106 2726 transgressus,

99 2727 269 2791 exstimuu
289 2737 329 2790 at.

139 2813 208 2877 XO.
231 2811 339 2876 Pridie
364 2810 442 2875 Idus
464 2812 606 2892 Martias,
629 2808 852 2877 commendati
873 2808 1022 2875 Patribus
1045 2808 1108 2876 Re·

100 2896 390 2980 publictreliquias
412 2896 670 2961 Neronianemm
690 2895 878 2975 sectionum,
899 2894 1046 2959 nondum
1070 2893 1107 2961 in

27 3040 28 3043 ,
100 2980 213 3046 fiscum
227 3001 406 3061 conversos,
428 2982 583 3046 revocatis
598 2981 756 3047 abexilio
777 2979 954 3045 concessit:
974 2980 1110 3061 justissi-

27 3068 28 3153 ζ
101 3083 189 3131 mum
203 3068 326 3131 donum
350 3067 437 3132 etin
462 3068 602 3150 speeiem
626 3065 846 3154 magnificum,
870 3064 936 3146 sed,
959 3064 1108 3130 festinati

56 3169 58 3172 ’
96 3148 163 3231 jam
175 3152 298 3237 pridem
311 3152 487 3231 exactione,
498 3172 561 3217 usu
570 3152 686 3216 sterile.
729 3152 809 3216 Mox
818 3151 933 3216 vocati
944 3151 1108 3234 concione,

27 3244 28 3323 l
101 3237 313 3319 ‘majestatem
327 3236 414 3303 urbis
428 3247 460 3301 et
480 3256 674 3303 eonsensum
697 3234 814 3320 Populi
836 3256 874 3301 nc
894 3235 1037 3303 Senntds'
1050 3256 1109 3321 pro

27 3326 28 3389 l
99 3340 133 3386 se
147 3325 304 3404 attollens,
328 3323 496 3388 adversim
509 3322 697 3387 Vitellianas
718 3331 822 3405 partes
847 3321 987 3386 modeste
1012 3321 1127 3388 disse

27 3430 28 3465 t
100 3408 180 3475 mit:
203 3409 380 3474 ‘inscitiam
393 3410 496 3492 potiris
510 3408 676 3506 legionum
685 3409 784 3490 quim
804 3406 990 3489 audaciam,'
1007 3406 1110 3472 incre·

100 3495 303 3575 pans,.nulld
318 3493 439 3559 Vitellii
459 3506 637 3559 monnone:
659 3493 728 3558 sive
747 3493 847 3577 ipsius
865 3511 905 3554 en
925 3491 1109 3571 moderatio,

27 3608 28 3617 κ
101 3596 156 3642 seu
172 3581 306 3663 scriptor
319 3578 479 3661 orationis,
494 3579 554 3643 sibi
569 3590 723 3657 metuens,
738 3575 941 3642 contumeliis
963 3576 997 3639 in
1012 3574 1110 3638 Vitel-

101 3662 183 3728 lium
195 3665 367 3732 abstinuit:
388 3665 527 3750 qnando,
541 3665 627 3732 utin
641 3662 784 3730 consiliis
804 3660 937 3741 militie,
955 3656 1111 3724 Suetonio
