2392 4050
95 173 164 241 292
438 173 476 237 (l.
499 172 612 237 Gonu.
634 171 774 237 'ruem

95 354 128 409 et
141 344 310 412 discordiis
324 344 473 423 confecit,
495 342 600 406 donec
615 344 711 407 nulla
724 342 787 407 fuit
801 344 834 408 in
851 343 923 408 fore
939 364 1016 428 pax,
1034 342 1115 408 nulla

96 429 131 493 in
147 431 272 496 Senatu
290 430 472 507 concordia,
494 430 589 491 nulla
610 427 645 491 in
665 428 798 507 iudiciis
821 430 1013 513 moderatio,
1034 430 1115 492 nulla

95 516 302 598 superiorum
313 514 499 590 reverentia,
515 514 630 576 nullus
643 514 894 597 Magistratuum
910 514 1038 593 modus,
1053 514 1116 576 tulit

95 599 167 665 sine
191 600 291 665 dubio
316 599 529 664 valentiorem
554 599 792 680 eloquentiam
824 600 922 663 sicuti
946 599 1114 662 indomitus

94 703 174 768 ager
187 687 283 750 habet
296 684 455 769 quasdam
468 684 585 746 herbas
607 683 753 746 latiores.
796 684 862 746 Sed
878 703 940 748 nec
956 684 1038 747 tanti
1052 684 1115 746 Rei·

94 771 235 851 publica
251 770 477 835 Gracchorum
495 768 681 849 eloquentia
703 769 771 845 suit,
794 777 831 830 ut
850 779 1016 852 pateretur
1029 779 1062 831 et
1079 770 1115 831 le

94 872 173 937 ges:
194 874 255 919 nec
272 857 363 919 bonae
377 854 515 917 sormam
528 852 720 935 eloquentie
739 852 856 917 Cicero
869 855 926 917 tali
941 855 1031 917 exitu
1048 872 1114 936 pen·

94 940 189 1003 savit.

138 1023 226 1089 XLI.
249 1023 306 1088 Sic
319 1040 456 1106 quoque,
467 1020 556 1103 quod
570 1034 717 1104 superest
731 1022 855 1105 antiqui
871 1023 1059 1100 oratoribus,
1073 1021 1113 1085 io

94 1123 180 1188 rum,
189 1127 257 1172 non
271 1106 528 1184 emendaranec
540 1126 644 1188 usque
656 1106 696 1169 ad
710 1119 823 1171 votum
835 1109 1031 1189 compositae,
1045 1107 1114 1170 eivi-

93 1191 169 1257 tatis
183 1204 410 1280 argumentum
424 1202 481 1253 est.
527 1192 615 1260 Quis
633 1191 724 1255 euim
743 1209 802 1255 uos
817 1191 966 1270 advocat,
987 1192 1051 1256 nisi
1064 1202 1113 1254 aut

93 1294 218 1342 nocens
238 1289 296 1341 aut
317 1276 439 1340 miser?
461 1277 549 1359 quod
572 1276 789 1359 municipium
812 1278 847 1340 in
870 1276 1112 1340 civitatemque

94 1371 177 1424 uam
192 1363 290 1441 venit,
305 1361 368 1423 nisi
383 1360 473 1442 quod
487 1372 543 1424 aut
557 1360 687 1424 vicinus
702 1363 850 1444 populus,
873 1373 931 1424 aut
945 1361 1111 1424 domestica

92 1443 253 1508 discordia
271 1445 395 1530 agitati
418 1465 517 1528 quarn
541 1447 745 1527 provinciam
768 1457 905 1526 tuemur,
927 1446 989 1509 nisi
1004 1445 1110 1529 spolia·

91 1536 160 1591 tam
171 1530 412 1611 vexatamque?
456 1531 557 1612 Atqui
572 1532 689 1594 melius
700 1530 814 1594 luisset
825 1550 891 1594 non
907 1531 1010 1612 queri,
1020 1531 1110 1613 quim

91 1614 262 1679 vindicari.
307 1614 408 1684 Quid
435 1614 462 1677 si
489 1614 690 1677 inveniretur
715 1617 824 1697 aliqua
848 1615 971 1695 civitas,
992 1614 1027 1678 iu
1051 1613 1108 1695 qui

91 1718 190 1763 nemo
203 1711 359 1783 peccaret,
374 1717 599 1781 supervacuus
614 1710 697 1762 meet
711 1700 795 1761 inter
808 1700 998 1762 innocentes
1012 1710 1109 1761 orator
1180 1773 1181 1782 ἵ

91 1783 178 1848 sicut
194 1784 276 1848 inter
290 1804 386 1847 sanos
406 1782 561 1846 medicus.
607 1784 687 1852 Quo
706 1783 803 1846 modo
822 1793 929 1845 tamen
944 1783 1108 1846 minimum

92 1870 180 1948 ustis,
203 1869 442 1949 minimumque
462 1866 623 1948 profectus
644 1886 696 1929 ars
718 1866 876 1929 medentis
900 1868 996 1929 habet
1016 1868 1048 1928 in
1061 1864 1107 1927 his

91 1954 253 2039 gentibus,
274 1972 347 2036 quae
362 1951 546 2015 firmissimi
563 1950 750 2015 valetudine
765 1970 803 2014 ac
816 1951 1033 2014 saluberrimis
1046 1968 1108 2012 cor·

90 2040 223 2121 poribus
237 2047 393 2102 utuntur:
415 2037 463 2101 sic
479 2036 585 2100 minor
597 2048 761 2101 oratorum
774 2037 1003 2119 obscuriorque
1013 2034 1106 2121 gloria

90 2132 139 2186 est
154 2125 237 2185 inter
251 2123 353 2186 bonos
371 2140 485 2199 mores,
507 2121 590 2184 etin
611 2122 803 2203 obsequium
825 2121 965 2206 regentis
979 2131 1104 2202 pamton

91 2205 186 2277 Quid
199 2204 290 2269 enim
303 2226 386 2288 opus
400 2219 447 2269 est
468 2206 574 2290 longis
588 2206 624 2269 iu
638 2206 761 2270 Senatu
776 2205 953 2283 sententiis,
974 2211 1045 2268 cum
1057 2221 1106 2285 op

91 2291 161 2356 timi
176 2291 241 2356 citd
255 2291 485 2356 consentiant?
529 2290 625 2359 Quid
640 2291 752 2354 multis
766 2289 851 2372 apud
867 2291 1026 2374 populum
1038 2306 1104 2352 con·

90 2377 249 2455 cionibus,
264 2382 338 2441 clim
352 2377 393 2440 de
408 2374 590 2459 Republicai
605 2394 672 2438 non
688 2375 826 2458 imperiti
842 2388 873 2439 et
890 2375 984 2439 multi
997 2373 1105 2437 delibe-

89 2472 171 2543 rent,
193 2461 249 2525 sed
264 2460 522 2544 sapientissimus
536 2469 568 2523 et
581 2461 698 2525 unusl
742 2460 836 2529 Quid
851 2459 1042 2523 voluntariis
1059 2475 1105 2519 ac·

89 2547 321 2626 cusationibus,
336 2552 409 2610 cum
421 2556 486 2609 tam
498 2546 571 2608 rard
580 2559 611 2609 et
622 2556 689 2608 tam
700 2546 797 2628 parce
809 2545 984 2627 pencetmt
1019 2538 1102 2613 Quid

88 2630 257 2694 invidiosis
267 2642 300 2694 et
309 2630 542 2694 excedentibus
553 2629 687 2695 modum
697 2629 948 2707 defensionibus,
963 2630 1035 2693 cirm
1048 2628 1102 2691 cle·

87 2715 210 2778 mentia
221 2716 447 2798 cognoscentis
458 2716 587 2780 obviam
599 2715 855 2798 periclitantibus
864 2714 939 2776 eati
976 2711 1102 2786 Credite,

88 2798 211 2882 optimi,
233 2810 265 2861 et
281 2798 315 2863 in
335 2810 497 2882 quantu-m
519 2821 603 2884 opus
626 2811 683 2879 est,
705 2799 906 2865 disertissimi
921 2799 993 2879 viri,
1015 2799 1041 2861 si
1054 2804 1103 2860 aut

87 2903 148 2948 vos
162 2884 322 2967 prioribus
336 2885 476 2964 secutis,
492 2898 547 2948 aut
563 2886 628 2966 isti,
641 2904 724 2967 quos
738 2885 905 2964 miramur,
921 2882 1104 2948 bismilies

87 2979 170 3048 sent,
192 2990 230 3034 ac
252 2970 343 3034 Deus
367 2971 485 3052 aliquis
504 2971 590 3034 vitas
613 2979 744 3046 vestras,
768 2981 876 3033 vestra
893 2980 1042 3051 tempora,
1062 2984 1103 3028 re

86 3056 183 3136 pente
199 3054 364 3134 mutasset,
386 3075 446 3119 uec
470 3057 565 3118 vobis
585 3070 719 3120 summa·
734 3054 792 3117 illa
816 3055 889 3117 laus
908 3063 939 3119 et
958 3052 1057 3138 gloria
1069 3051 1101 3111 in

86 3139 279 3222 eloquentia,
295 3158 401 3222 neque
417 3140 483 3204 illis
496 3140 618 3203 modus
628 3149 660 3202 et
675 3148 972 3221 temperamentum,
994 3134 1102 3200 defuis·

86 3233 145 3285 set.
190 3224 299 3303 Nunc,
313 3224 470 3305 quoniam
480 3244 577 3288 nemo
587 3225 701 3288 eodem
717 3234 860 3305 tempore
871 3224 996 3306 assequi
1009 3224 1100 3303 potest

84 3325 239 3388 magnam
265 3306 385 3370 samam
407 3317 439 3369 et
464 3327 617 3388 magnam
640 3310 791 3390 quietem,
813 3308 899 3370 bono
921 3305 1031 3373 saeculi
1053 3301 1098 3364 sni

84 3389 232 3468 quisque,
247 3389 328 3449 citra
341 3389 607 3453 obtrectationem
620 3391 762 3464 alterius,
777 3401 897 3454 utatur.

128 3470 233 3533 XLII.
257 3468 404 3531 Finierat
419 3471 594 3534 Mrternus.
640 3474 732 3536 Tum
748 3474 905 3536 Messala:
925 3481 1024 3548 eraut,
1037 3466 1099 3550 qui·

82 3550 143 3612 bus
169 3550 443 3633 contradicerem
466 3564 568 3633 eruut,
590 3555 765 3640 dequibus
790 3556 886 3640 plura
898 3554 963 3619 dici
981 3555 1096 3627 vellem,
