2392 4050
297 32 330 81 r*

64 188 97 252 b
112 186 145 252 G.
160 183 223 274 'llll
359 186 509 252 Hieron.
524 184 604 253 Lm.
619 187 799 260 Quinem.
999 189 1063 255 187

63 358 314 513 coelpistinmpim
336 378 431 425 suam
449 367 483 427 ct
501 377 635 425 cursum
655 356 806 444 septimos
830 378 887 447 per
908 378 1063 447 numeros

62 465 115 510 con
136 457 231 511 crant.

97 531 132 594 ll.
154 530 198 596 Hi
212 531 302 611 ritus,
316 549 447 614 quoquo
469 528 564 594 modo
586 528 720 610 inducti,
743 528 932 614 antiquitate
956 529 1065 597 demn-
1166 580 1167 589 κ

60 615 189 689 duntur:
212 627 316 695 cetera
330 615 475 680 instituta
486 615 623 696 sinistra,
637 614 732 696 loedo,
752 616 910 699 pravitate
922 616 1063 683 enuere

60 701 134 767 Nam
144 701 301 786 pessimus
315 700 459 784 quisque,
474 700 586 784 spretis
597 700 806 787 religionibus
817 702 936 788 patriis,
945 702 1065 771 tributa

59 795 85 850 ct
96 787 189 871 stipes
203 787 284 853 illuc
296 789 469 871 gerebant:
491 785 579 850 unde
592 797 693 851 aucte
705 787 725 850 J
726 787 894 853 udaeorum
907 808 966 854 rea
1009 787 1064 871 Et,

58 872 124 954 qnia
138 872 224 956 apud
247 873 333 958 ipsos
351 862 429 936 fides
451 872 618 950 obstinata,
641 872 860 939 misericordia
877 876 1064 1025 ippromtm

58 955 106 1021 sed
119 958 268 1023 adimens
283 976 395 1025 omnes
411 957 492 1021 alios
513 956 628 1021 hostile
648 957 769 1038 odium,
792 979 883 1043 seper
918 958 924 970 '
949 959 1064 1043 epulis,

57 1041 173 1116 discreti
188 1042 360 1124 cubilibus,
374 1041 654 1126 projectissirnaad
665 1040 832 1113 libidinem
845 1064 934 1142 gans,
946 1046 1065 1111 aliena·

57 1145 122 1192 rum
142 1128 318 1194 concubitu
344 1127 524 1210 abstinent;
546 1128 629 1192 inter
652 1148 687 1192 se
705 1128 980 1212 nibil'illrcitnm3
1003 1130 1065 1196 cir·

58 1212 230 1283 cumcidere
245 1213 398 1313 genitalia
418 1212 594 1294 instituere,
617 1223 653 1276 nt
674 1211 856 1292 diversitate
878 1227 1063 1283 noscantur.

58 1296 259 1387 Transgressr
273 1299 306 1363 in
321 1318 445 1364 morem
465 1316 578 1365 eorum
598 1295 684 1363 idem
697 1309 874 1383 usurpant:
895 1320 957 1366 nco
974 1302 1064 1386 quic·

57 1402 143 1466 quam
157 1386 244 1468 prins
267 1383 466 1465 imbuuntur,
488 1391 584 1467 quam
599 1390 802 1450 contemnere
826 1387 921 1467 Deos,
943 1407 1063 1453 exuere

56 1470 187 1552 patriam,
198 1479 356 1556 parentes,
369 1468 494 1549 liberos,
505 1468 624 1550 fratres,
637 1469 716 1534 vilia
725 1471 851 1536 babere.
894 1473 1062 1561 Augendae

58 1563 153 1620 tamen
168 1554 371 1623 multitudini
385 1555 572 1619 consulitur.
616 1555 703 1620 Nam
712 1566 743 1619 et
753 1576 868 1629 necare
877 1577 1063 1655 quenquam

57 1656 93 1703 cx
106 1642 240 1726 agnatis,
254 1640 359 1707 nesus:
382 1641 567 1724 animmque
578 1639 688 1726 praelio
702 1643 933 1727 autsuppliciis
943 1663 1063 1727 perem-

57 1730 153 1791 torum
166 1737 301 1793 aeternas
315 1735 438 1809 putant.
480 1725 567 1791 Hinc
581 1725 756 1812 generandi
767 1746 856 1791 amor
864 1738 896 1792 et
905 1726 1062 1794 moriendi
1126 1775 1129 1780 -

58 1820 239 1879 contemtus.
297 1813 440 1896 Corpora
463 1811 609 1892 condere,
637 1811 736 1895 quim
763 1831 912 1893 cremare,
935 1832 1062 1878 amore

57 1895 227 1981 AEgypticz
247 1896 423 1981 eademque
435 1917 524 1978 cura,
542 1906 574 1960 ct
587 1895 627 1960 de
648 1894 784 1960 infernis
798 1898 977 1980 persuasio:
998 1918 1062 1963 cra·

58 1979 176 2049 lentium
198 1989 318 2049 contra.
360 1982 506 2070 AEgyptii
531 1983 682 2067 pleraque
704 1981 858 2047 animalia
879 1982 1061 2071 effigiesque

57 2069 239 2152 compositas
252 2079 463 2152 venerantum
488 2069 507 2133 J
509 2067 591 2136 udaei
606 2078 713 2133 mente
729 2070 799 2133 solit
812 2088 979 2154 unumque
993 2070 1062 2137 Nu·

58 2169 124 2218 meu
137 2153 334 2253 intelligunt.
373 2152 559 2235 '‘Prosanos,
574 2154 631 2251 qui
648 2154 753 2220 Deum
771 2154 928 2242 imagines
947 2166 1061 2222 morta·

58 2236 133 2302 libus
146 2239 287 2305 materiis
306 2238 341 2305 in
365 2240 485 2325 species
509 2236 681 2305 hominum
702 2240 874 2327 affingant:
895 2261 1061 2309 summum

57 2320 129 2388 illud
149 2337 181 2389 et
208 2336 374 2405 aeternum,
400 2343 505 2408 nequa
528 2324 691 2407 mutabile,
713 2346 817 2475 nepae
839 2325 1060 2396 interiturum’

743 2432 760 2474 e

59 2406 150 2492 lgitur
163 2412 444 2476 nulla-simulacra
463 2409 597 2475 urbibus
620 2411 697 2491 suis,
719 2431 741 2475 n
783 2430 840 2475 um
862 2412 997 2496 templis,
1019 2412 1060 2476 si·

58 2508 142 2561 nunt.
186 2497 261 2561 Non
276 2495 418 2581 Regibus
432 2496 503 2562 baec
515 2495 666 2577 adulatio,
680 2516 746 2561 non
757 2496 933 2563 Oaesaribus
947 2497 1059 2564 honor.

60 2576 123 2660 Sed,
144 2581 222 2667 quia
237 2579 423 2646 Sacerdotes
436 2600 549 2646 corum
570 2580 648 2647 tibia
668 2582 891 2668 tympaniswe
912 2582 1060 2648 concine·

58 2661 134 2746 bant,
149 2666 267 2733 hedera
281 2666 513 2752 vinciebantur,
528 2667 666 2751 vitisque
686 2687 782 2733 aurea
795 2670 913 2753 templo
928 2678 1059 2753 reperta,

60 2747 220 2820 ‘Liberum
235 2751 363 2824 Patrem
377 2753 450 2832 coli,
464 2752 653 2818 domitorem
663 2754 820 2835 Orientis‚’
834 2753 967 2837 quidam
978 2753 1060 2820 arbi·

30 2853 31 2858 ¹
58 2836 123 2899 trati
143 2848 228 2917 sunt,
254 2838 457 2921 nequiquam
477 2838 727 2924 congruentibus
749 2840 919 2905 institutis:
939 2839 1059 2925 quippe

58 2916 144 2985 Liber
158 2922 253 2987 festos
268 2922 417 3007 lectosque
432 2922 512 2987 ritus
526 2924 650 3009 posuit3
674 2924 859 2990 Judaeorum
868 2945 938 2992 mos
950 2926 1059 2989 absur-

58 3000 112 3067 dus
131 3006 352 3090 sordidasque.
756 3065 758 3071 ,
934 3063 935 3066 ,
988 3051 990 3056 -
1079 3039 1083 3046 ⁴

30 3103 48 3168 a
96 3091 148 3158 Vl.
170 3093 276 3158 Terra
288 3092 441 3177 finesque,
456 3091 521 3176 qub
534 3092 574 3162 ad
595 3093 760 3159 Orientem
778 3092 1058 3181 vergnnndrabiai

58 3178 278 3260 terminantur3
301 3200 332 3243 a
359 3177 490 3244 meridie
517 3179 678 3264 AEgyptus
702 3178 841 3264 objacet3
871 3182 920 3248 ab
939 3199 1057 3247 occasu
1098 3234 1103 3244 ,

59 3257 219 3328 Phanias
233 3273 265 3327 et
278 3285 385 3348 mare;
407 3264 663 3348 septemtrionem
677 3285 697 3328 a
719 3266 816 3331 latere
841 3267 887 3348 Su
897 3247 944 3341 ἔω
958 3267 1056 3353 longe

58 3357 257 3433 prospectant.
301 3351 442 3434 Corpora
465 3348 635 3415 honrinum
656 3351 795 3417 salubria
816 3363 848 3417 et
866 3353 999 3442 larentia
1011 3355 1057 3418 la-

59 3427 181 3502 borum:
204 3435 267 3500 rari
280 3434 405 3516 imbres,
420 3436 498 3499 uber
511 3438 636 3500 solnm:
657 3435 764 3524 fruges
777 3450 924 3504 nostrum
937 3438 978 3503 ad
992 3459 1058 3503 rno-

60 3527 139 3602 rem;
161 3529 340 3604 praeterquc
353 3541 407 3586 eas
421 3522 600 3587 balsamum
613 3530 644 3586 et
658 3524 779 3606 palmae.
824 3521 975 3588 Palmatis
987 3542 1059 3605 pro·

61 3602 163 3669 ceritas
185 3615 216 3669 et
235 3604 338 3674 decor.
382 3606 570 3672 Balsamum
586 3607 713 3672 modica
733 3610 842 3673 arbor:
864 3618 901 3673 ut
921 3608 1057 3688 quisque

61 3699 158 3756 ramus
171 3690 334 3778 intumuit,
347 3690 375 3757 si
390 3691 458 3758 vim
468 3690 542 3759 ferri
556 3690 705 3757 adhibeas
715 3702 953 3776 parentvenae3
975 3685 1058 3768 frug·
