2392 4050
124 203 166 270 70
465 205 502 268 O.
519 204 629 270 Gonu.
645 203 780 271 Tecrur
946 204 998 293 [A.
1013 203 1051 269 U·
1065 202 1137 281 822,

121 378 253 464 insuper
274 385 380 442 metus
401 375 611 441 Senatoribus
633 376 773 460 instaret,
796 394 847 457 ne,
870 376 1054 460 prevalidis
1071 377 1134 458 jam

123 464 244 529 Vitellii
258 463 411 547 partibus,
426 473 615 528 cunctanter
629 466 791 548 excepisse
800 463 969 528 victoriam
981 463 1134 529 crederen·
1181 465 1182 550 ᾗ

121 560 193 616 tur:
215 551 260 614 ita
273 548 387 632 trepidi
402 559 433 612 et
447 548 609 631 utrimque
623 549 860 614 anxiicoe‘unt:
883 567 980 612 neme
995 549 1133 634 privatim
1181 559 1182 620 3

121 635 271 720 expedito
300 633 445 713 consilio,
472 633 554 697 inter
583 635 703 698 multos
732 634 882 699 societate
905 635 1011 718 crrlpae
1034 635 1132 699 tutior.

122 722 286 786 Onerabnt
299 718 488 805 paventium
501 733 596 783 curas
611 719 689 784 ordo
705 721 908 802 Mutinensis,
924 728 1034 785 ‘arma
1045 730 1075 783 et
1088 738 1132 803 pe·
1181 747 1182 806 p

121 808 263 871 cuniam'
291 804 465 884 offerendo,
495 807 738 892 appellabatque
761 807 894 870 ‘Patres
916 801 1133 890 cmscriptos‘

120 891 345 975 intempestivo
363 890 496 954 honore.

162 978 252 1043 LllI.
275 977 424 1042 Notabile
434 975 583 1062 jurgium
596 975 672 1039 inde
687 974 759 1057 luit,
773 997 839 1059 quo
849 975 997 1042 Licinius
1013 977 1135 1040 (lecina

121 1063 315 1130 Marcellum
338 1059 486 1147 Eprium,
509 1069 563 1126 ‘ut
584 1062 737 1149 ambigua
759 1063 986 1142 disserentem,’
1012 1061 1133 1126 invasit

122 1150 191 1215 Nec
216 1147 313 1213 ceteri
327 1148 501 1212 sententias
519 1147 721 1232 aperiebant:
744 1148 800 1212 sed
822 1148 966 1213 invisum
989 1146 1134 1212 memorii

119 1234 327 1316 delationum,
352 1234 597 1317 expositumque
613 1231 655 1296 ad
670 1232 837 1313 invidiam,
854 1234 1001 1302 Marcelli
1023 1250 1133 1297 nornen

119 1319 298 1385 irritaverat
313 1321 483 1400 Oaeciuam,
498 1328 534 1382 ut
549 1336 655 1382 novus
678 1317 795 1398 adhuc,
813 1320 894 1397 etin
910 1321 1068 1385 Senatum
1081 1336 1134 1381 nu·

119 1424 176 1489 per
199 1406 328 1486 ascitus,
343 1407 469 1490 maguis
491 1401 667 1469 inimicitiis
683 1406 892 1469 claresceret.=
922 1404 1134 1470 Moderatione

119 1491 291 1556 meliorum
303 1490 441 1555 diremti.
485 1490 530 1554 Et
543 1489 666 1555 rediere
681 1509 792 1554 omnes
817 1492 1009 1570 Bononiam,
1030 1506 1134 1556 rursus

25 1574 28 1580 ’
119 1578 337 1642 consiliaturi:
360 1576 468 1657 simul,
484 1574 591 1639 medio
612 1575 771 1658 temporis,
786 1577 894 1658 plures
909 1576 1016 1641 nuntii
1038 1594 1134 1659 spera-

96 1663 244 1758 ,bantun
289 1662 452 1742 Borionioe,
475 1660 589 1725 divisis
603 1681 660 1745 per
673 1662 798 1742 itinera,
812 1662 868 1744 qui
885 1661 1134 1726 recentissimum
1161 1729 1163 1736 Α

99 1767 280 1832 ·quemque
295 1758 590 1831 percunctarentur,
612 1748 824 1831 interrogatus
844 1748 985 1810 Othonis
1009 1747 1133 1810 libertus

121 1841 270 1898 ‘causam
281 1834 460 1919 digressus,²
476 1832 615 1895 ‘habere
629 1851 663 1895 se
675 1849 824 1915 suprema
835 1832 905 1913 ejus
919 1831 1078 1896 mandata’
1093 1849 1133 1894 re·

119 1920 268 2003 spondit:
291 1920 417 2002 ‘ipsum
430 1918 593 1998 viventem
602 1916 733 2001 quidem
748 1919 904 1997 relictum,
919 1918 975 1982 sed
988 1917 1057 1982 soli
1071 1934 1133 2000 pns-

118 2005 252 2071 teritatia
267 2006 353 2087 curi,
365 2016 397 2070 et
408 2004 551 2087 abruptis
562 2006 636 2068 vitre
648 2002 895 2068 blandimentis!
939 2004 1027 2069 Hinc
1043 2000 1133 2067 admi-

119 2091 201 2154 ratio
213 2103 244 2154 et
258 2093 354 2174 plura
372 2088 591 2172 interrogandi
614 2089 736 2175 pudor:
759 2099 854 2174 atque
873 2091 1023 2154 omnium
1041 2084 1143 2153 animi·

119 2176 154 2239 in
166 2176 333 2240 Vitellium
344 2176 551 2240 inclinavere.

84 2254 145 2358 ἦ·
162 2261 246 2326 LIV.
271 2262 427 2325 Intererat
447 2258 590 2324 consiliis
613 2257 710 2324 irater
724 2260 794 2342 ejus
808 2260 846 2325 L.
869 2260 1029 2340 Vitellius,
1044 2274 1132 2340 seque

116 2366 186 2428 Jam
199 2346 406 2411 adulantibus
427 2345 586 2426 offerebat,
610 2347 684 2410 cum
705 2348 835 2429 repente
854 2347 986 2427 Coenus,
1009 2346 1132 2410 libertus

119 2432 267 2513 Neronis,
292 2432 392 2496 atroci
420 2430 590 2496 mendacio
611 2431 779 2496 universos
803 2432 950 2515 perculit,
969 2432 1133 2505 affirmans,

120 2525 332 2600 ‘superventu
354 2517 613 2602 quartaedecimae¹
635 2517 780 2603 legionis,
803 2517 927 2598 junctis
953 2540 973 2583 a
998 2515 1132 2582 Brixello

118 2603 252 2681 uiribus,
262 2623 363 2669 caesos
371 2604 518 2683 victores,
530 2621 656 2667 versam
668 2604 806 2687 partium
817 2603 1001 2668 fortunam!
1034 2604 1133 2666 Causa

118 2688 264 2774 fingendi
279 2689 351 2771 fuit,
364 2700 402 2753 ut
415 2689 592 2771 diplomata
614 2688 762 2768 Othonis,
785 2708 859 2770 quae
884 2691 1131 2776 negligebantur,

118 2774 241 2839 loetiore
256 2776 370 2840 nuntio
392 2775 635 2867 revalescerent.
679 2774 724 2837 Et
740 2775 862 2840 Ooenus
875 2776 1007 2857 quidem
1029 2770 1131 2855 rapide

118 2860 154 2924 in
176 2861 290 2925 urbem
305 2871 426 2939 vectus,
448 2878 569 2944 paucos
594 2870 666 2942 post
687 2858 756 2924 dies
774 2859 868 2941 jussu
883 2861 1005 2927 Vitellii
1027 2874 1131 2943 peenas

118 2948 188 3011 luit.
231 2948 425 3012 Senatorum
440 2944 623 3028 periculum
633 2955 775 3028 auctum,
786 2946 993 3011 credentibus
1005 2942 1131 3009 Othoni·

118 3032 189 3096 anis
215 3032 371 3098 militibus
391 3051 468 3096 vera
489 3051 567 3112 esse,
586 3049 661 3114 quae
684 3031 908 3097 afferebantur.
952 3029 1132 3097 intendebat

118 3117 333 3199 formidinem,
348 3117 435 3202 qubd
451 3117 571 3200 publici
586 3116 715 3180 consilii
728 3116 807 3181 facie
816 3118 994 3184 discessum
1004 3114 1130 3190 Matini,

118 3202 317 3288 desertaeque
338 3215 441 3288 partes
463 3202 577 3266 forent.
622 3202 691 3266 Nec
715 3203 802 3268 uitri
821 3204 855 3269 in
878 3221 1050 3268 commune
1064 3219 1131 3264 con-

118 3292 229 3373 gressi,
255 3290 316 3353 sibi
338 3291 475 3372 quisque
498 3289 713 3353 consuluere:
736 3289 839 3354 donec
865 3289 1012 3353 missaea
1038 3285 1130 3350 Fabio

118 3372 253 3438 Valente
276 3374 419 3456 epistolae
443 3371 608 3437 demerent
630 3384 761 3437 metram.
805 3375 850 3440 Et
874 3394 960 3439 mors
990 3371 1129 3449 Othonis,

118 3460 184 3543 qud
199 3459 399 3541 laudabilior,
415 3459 453 3521 eb
465 3459 606 3523 velocius
615 3459 733 3523 audita.

161 3544 228 3607 LV.
251 3544 295 3606 At
319 3542 431 3606 Rome
454 3543 537 3606 nibil
563 3542 801 3626 trepidationis:
832 3545 981 3609 Cereales
1004 3544 1073 3609 ludi
1095 3558 1129 3604 er

118 3646 206 3689 more
220 3628 453 3708 spectabantur.
497 3628 542 3691 Ut
555 3628 706 3692 ‘cessisse
722 3630 788 3693 vitai
805 3631 976 3711 Othonem,
991 3641 1052 3694 eta
1067 3629 1130 3694 Fla·

117 3709 173 3772 vio
188 3710 318 3792 Sabino,
334 3709 487 3777 Praefecto
501 3713 599 3794 urbis,
614 3712 702 3796 quod
717 3716 829 3781 eratin
845 3718 923 3781 urbe
938 3716 1080 3783 militum
1091 3734 1131 3783 sa·
