2392 4050
87 148 125 215 A.
142 150 176 215 C·
190 146 255 236 oa]
365 143 823 216 Hrsroa.L113;Sacnrtnur.
1059 147 1102 214 53

85 340 166 386 nexa
179 321 291 385 classis
305 329 337 383 et
350 340 468 407 pugnae
482 329 603 403 parata,
627 321 781 386 conversa
802 330 833 384 et
855 319 974 385 minaci
995 318 1100 385 fronte

84 408 338 490 praetenderetur.
382 404 556 485 Vitelliani,
571 406 690 488 quibus
705 407 811 471 minor
824 405 970 490 pediturn
990 406 1049 486 vis,
1065 407 1102 472 in

82 493 185 574 equite
199 494 306 573 robur,
322 493 459 575 Alpinos
483 492 641 573 proximis
652 490 750 579 jugis,
764 491 912 556 cohortes
930 491 1038 555 densis
1052 510 1101 554 or·

25 595 26 646 ζ
83 577 208 643 dinibus
221 591 294 661 post
313 579 455 660 equitem
470 576 585 642 locant.
630 577 850 643 Treverorum
874 585 989 641 turmae
1010 577 1099 641 obtu-

25 667 26 670 ’
83 663 207 728 lerose
234 663 320 728 hosti
346 664 485 744 incaute,
511 664 585 726 edm
609 663 769 747 exciperet
792 664 904 728 contria
927 672 1099 725 veteranus

83 749 181 831 miles,
202 750 300 813 simui
325 771 345 812 a
367 750 464 812 latere
488 749 575 813 saxis
603 758 732 834 urgeret
754 758 829 831 apta
849 749 890 812 ad
911 746 1099 828 jaciendum

83 836 175 898 etiam
185 854 387 920 paganorum
402 853 538 898 manus:
559 833 617 916 qui
628 834 730 916 sparsi
744 833 963 913 intermilites,
975 834 1100 898 strenui
1173 867 1174 872 κ

83 918 263 1005 ignavique,
275 920 311 983 in
328 921 461 984 victoria
476 919 562 983 idem
577 918 745 986 audebant.
788 918 926 986 Additus
942 918 1098 1002 perculsis

82 1013 186 1085 terror,
210 1005 339 1071 invecta
354 1006 389 1069 in
404 1016 492 1089 terga
506 1004 723 1089 pugnantium
736 1004 848 1068 classe.
891 1005 940 1068 lta
953 1003 1098 1088 undique

82 1091 200 1154 clausi:
223 1090 399 1173 deletaeque
414 1111 525 1155 omues
547 1091 647 1174 copiae
663 1090 774 1169 forent,
788 1089 823 1153 ni
839 1090 994 1155 victorem
1008 1107 1099 1155 exer·

83 1175 179 1239 citum
192 1176 371 1241 attinuisset
384 1178 561 1244 obscurum
573 1176 686 1254 noctis,
701 1175 845 1242 obtentui
862 1175 1070 1261 fugientibus.

48 1277 91 1364 s<
122 1262 190 1327 XV.
213 1262 282 1326 Nec
298 1262 471 1343 Vitelliani,
485 1280 672 1344 quanquam
686 1261 773 1342 victi,
796 1262 961 1343 quievere:
985 1260 1096 1326 accitis

83 1346 215 1429 auxiliis,
241 1366 394 1410 securum
415 1348 541 1410 hostem
564 1367 602 1411 ac
625 1366 777 1411 successu
801 1366 909 1414 rerum
932 1347 1096 1414 socordibs

82 1442 222 1517 agentem
237 1431 416 1495 invadunt:
439 1432 515 1497 caesi
529 1434 654 1517 vigiles,
669 1444 821 1515 perrupta
833 1445 945 1513 castra,
961 1432 1097 1516 trepida·

82 1526 147 1582 tum
161 1518 246 1600 apud
259 1537 379 1581 naves:
394 1517 506 1599 donec,
516 1519 646 1582 cedente
658 1517 813 1601 paulatim
825 1529 922 1599 metu,
937 1528 1095 1602 occupato

79 1599 167 1679 juxta
184 1605 267 1669 colle
285 1602 416 1683 defensi,
439 1624 515 1667 mox
537 1603 689 1686 irrupere.
733 1605 835 1668 Atrox
859 1605 904 1668 ibi
926 1605 1040 1684 caedes,
1061 1614 1095 1668 et

83 1686 290 1773 Tungrarum
304 1689 485 1752 cohortium
501 1689 658 1768 Praefecti,
670 1689 845 1753 sustentata
859 1690 915 1754 diu
930 1689 1008 1769 acie,
1021 1691 1095 1753 telis

52 1797 56 1806 -
83 1773 264 1840 obruuntur.
322 1773 372 1838 Ne
396 1773 590 1838 Othonianis
614 1775 745 1857 quidem
769 1775 937 1838 incruenta
958 1773 1095 1839 victoria

82 1856 146 1939 fuit,
160 1880 298 1942 quorum
312 1859 490 1943 improvide
514 1872 640 1923 secutos
660 1859 808 1923 conversi
822 1859 944 1943 equites
959 1858 1094 1924 circum-

82 1958 243 2010 venerunt.
287 1946 336 2008 Ac
350 1946 440 2009 velut
451 1945 552 2028 pactis
567 1944 716 2023 induciis,
732 1963 773 2009 ne
788 1944 866 2008 hinc
879 1944 1001 2026 classis,
1017 1943 1093 2009 inde

82 2047 182 2113 eques,
197 2032 338 2096 subitam
351 2031 555 2095 formidinem
569 2030 730 2112 inferrent,
746 2031 910 2096 Vitelliani
927 2041 1010 2095 retro
1026 2033 1093 2096 An·

82 2114 207 2196 tipolim,
219 2117 439 2181 Narbonensis
455 2116 573 2180 Galliae
586 2116 820 2200 municipium3
845 2117 1022 2183 Othoniani
1037 2118 1092 2181 Al-

81 2199 277 2285 bingaunum
290 2201 450 2266 interioris
465 2203 619 2286 Liguriae,
635 2204 802 2267 revertere.

119 2288 203 2352 XVI.
226 2288 391 2352 Corsicam
406 2308 443 2350 ac
458 2287 651 2367 Sardiniam,
666 2299 848 2372 ceterasque
863 2288 1001 2372 proximi
1025 2307 1091 2352 ma·

81 2368 119 2434 ris
133 2373 263 2454 insulas,
287 2372 374 2436 fama
386 2373 526 2437 victricis
548 2374 658 2437 classis
680 2374 872 2457 inpartibus
888 2374 1025 2438 Othonis
1047 2386 1091 2441 te-

81 2458 154 2521 nuit.
196 2459 261 2523 Sed
277 2458 442 2522 Corsicam
455 2459 552 2541 prope
575 2459 691 2523 afflixit
711 2459 850 2524 Decumi
873 2459 998 2523 Pacarii
1014 2460 1091 2525 Pro·

81 2544 224 2607 curatoris
246 2544 415 2623 temeritas,
437 2545 525 2608 tanti
547 2546 631 2610 mole
654 2545 740 2624 beili,
766 2544 849 2609 nihil
872 2545 907 2608 in
929 2565 1091 2611 summam

81 2627 247 2711 profutura,
263 2631 324 2712 ipsi
347 2629 490 2693 exitiosa.
534 2630 692 2713 Namque,
717 2628 854 2695 Othonis
869 2629 952 2710 odio,
974 2630 1090 2712 juvare

81 2710 236 2779 Vitellium
259 2717 433 2780 Corsorum
446 2715 569 2778 viribus
593 2717 712 2795 statuit,
731 2715 822 2781 inani
843 2715 975 2797 auxilio,
991 2717 1090 2783 etiam

81 2796 104 2858 si
126 2801 331 2881 provenisset.
387 2801 515 2865 Vocatis
538 2800 736 2884 principibus
760 2803 886 2880 insuite,
916 2802 1095 2868 consilium·

82 2885 188 2964 aperit:
211 2897 242 2950 et
259 2885 476 2950 contradicere
491 2905 596 2966 ausos,
613 2886 788 2950 Claudium
802 2886 995 2966 Phirricurn,
1013 2886 1089 2951 Tri·

81 2971 240 3036 erarchum
254 2971 505 3036 Liburnicarum
529 2971 572 3034 ibi
588 2972 733 3051 navium,
754 2971 928 3042 Quintium
944 2973 1086 3052 Certum,
1161 3052 1164 3057 y

82 3051 224 3137 Equitem
235 3058 428 3135 Romanum,
440 3056 577 3120 interfici
589 3056 698 3139 jubet:
720 3076 858 3140 qnorum
871 3066 971 3135 morte
986 3067 1087 3123 exter·

81 3136 134 3220 riti,
149 3143 203 3224 qui
218 3143 359 3222 aderant,
374 3143 471 3206 simul
487 3143 597 3222 ignara
613 3150 644 3206 et
658 3143 755 3206 alieni
771 3144 871 3207 metus
886 3142 974 3206 socia
988 3143 1087 3228 impe·

81 3223 205 3292 ritorum
218 3230 320 3298 turba,
334 3229 369 3292 in
384 3229 482 3292 verba
493 3228 610 3292 Vitellii
623 3228 782 3310 juravere.
826 3228 898 3307 Sed,
914 3229 968 3292 ubi
983 3228 1088 3294 delac-

81 3316 141 3375 tum
148 3334 239 3395 agere
251 3315 415 3395 Pacarius,
427 3322 458 3377 et
469 3312 650 3379 inconditos
663 3314 809 3378 homines
818 3314 950 3399 fatigare
963 3315 1085 3382 militiae

25 3416 26 3479 j
82 3400 256 3464 muneribus
268 3400 400 3482 occepit,
413 3401 555 3462 laborem
566 3398 733 3463 insolitum
742 3400 854 3482 perosi,
865 3398 1086 3466 infirmitatem

82 3495 163 3548 suam
184 3488 391 3570 reputabant:
429 3485 585 3549 ‘insuram
612 3505 689 3563 esse,
718 3505 816 3567 quam
838 3487 1021 3566 incolerent,
1053 3494 1086 3549 et

83 3561 165 3654 longe
197 3572 408 3636 Germaniam
430 3570 579 3653 viresque
605 3571 789 3656 legionum:
818 3569 956 3651 direptos
981 3578 1085 3632 vasta-

85 3655 181 3739 totque
196 3659 307 3742 classe,
329 3657 426 3721 etiam
450 3675 532 3739 quos
555 3657 701 3805 cbqhortes
722 3657 844 3739 alaeque
865 3650 1085 3738 protegerent?
