2392 4050
79 201 146 268 272
459 192 781 269 G.(loarr.'l'ac1nt
856 236 859 243 ·

78 371 155 438 dem
167 370 370 437 lentitudinis
385 391 423 437 ac
433 370 550 455 teporis
563 373 664 437 libros
678 373 766 459 legit,
774 370 841 437 nisi
853 371 912 456 qui
923 382 955 437 at
968 373 1107 440 earmina

78 457 258 521 eorundem
273 457 425 522 miratur:
447 455 592 521 secenmt
607 457 697 522 enim
709 469 741 520 et
754 459 903 522 earmina
916 469 949 522 et
963 459 999 521 in
1014 461 1107 524 Bibli-

79 543 209 607 otbecns
223 544 413 622 retulerunt,
428 559 494 605 non
517 543 633 606 melius
653 543 753 625 qudrn
774 543 901 624 Cicero,
923 554 956 607 at
977 543 1106 624 feliciis,

78 626 363 711 quiaillosfacissc
373 625 543 711 pauciores
552 627 671 691 sciunt.
715 627 1108 710 Asiniusquoque,quan·

100 730 179 775 uam
192 713 395 795 propioribus
409 709 608 793 temporibus
622 724 717 777 natus
726 711 776 789 sit,
787 710 919 775 videtur
934 711 1017 775 mibi
1029 711 1107 777 inter

76 730 421 878 itenenioserappios
432 793 605 858 studuisse.
649 795 833 860 Pacuvium
848 803 934 860 certe
944 806 977 858 et
985 797 1107 860 Attium

78 898 146 944 non
157 881 264 944 sellim
277 879 452 964 tragmdiis,
467 878 524 943 sed
538 880 637 945 etlam
645 881 845 943 orationibus
856 880 927 943 suis
936 880 1105 961 expressit:

78 963 160 1027 aded
187 962 290 1029 durus
313 973 346 1026 et
366 964 475 1031 siccus
497 973 556 1026 est
601 964 715 1028 Oratio
738 973 856 1043 arrtem,
882 964 969 1030 sieut
994 982 1107 1045 corpus

77 1046 227 1125 hominis,
242 1067 282 1110 aa
294 1046 427 1112 demum
441 1047 579 1130 pulchra
587 1058 644 1129 est,
655 1049 689 1112 in
699 1049 765 1131 qui
774 1066 839 1111 non
851 1050 998 1113 eminent
1008 1066 1104 1126 venre,

75 1148 137 1196 nec
158 1150 233 1195 ossa
254 1142 477 1213 numerantur,
491 1131 548 1196 sed
572 1142 823 1214 temperaturae
846 1134 952 1197 bonus
974 1132 1105 1220 sangnis

76 1216 188 1299 implet
208 1217 354 1282 membra
367 1226 399 1279 et
420 1217 565 1301 exsurgit
586 1218 673 1296 toris,
697 1217 847 1299 ipsosque
869 1237 989 1283 nervos
1009 1221 1105 1282 rubor

76 1300 156 1386 tegit
168 1309 200 1364 et
213 1302 310 1366 decor
323 1300 537 1365 commendat
582 1301 667 1365 Nolo
683 1300 866 1365 Corvinum
878 1302 1015 1385 insequi,
1029 1301 1104 1383 qnia

76 1402 144 1449 non
166 1403 223 1466 per
244 1385 353 1468 ipsum
373 1386 504 1466 stetisse,
519 1385 585 1468 qud
606 1385 713 1449 minius
737 1385 882 1449 letitiam
903 1386 1101 1471 nitoremue

75 1477 259 1534 nostrorum
281 1481 466 1551 temporum
489 1470 691 1565 exprimeret,
707 1470 867 1549 videmus,
889 1470 923 1533 in
947 1480 1101 1553 quantum

73 1550 200 1635 judicio
214 1552 286 1634 ejus
301 1554 353 1616 vis
367 1565 424 1618 aut
439 1553 541 1618 animi
555 1563 613 1619 aut
626 1554 752 1641 ingenii
766 1554 903 1618 suffecit.
939 1594 942 1603 ·

121 1637 233 1704 XXII.
256 1638 309 1703 Ad
333 1637 525 1703 Ciceronem
553 1639 659 1718 venio,
683 1639 738 1703 eui
758 1638 873 1705 eadem
893 1658 938 1722 pu
988 1657 1099 1704 acum

78 1723 257 1807 aequalibus
270 1723 340 1786 suis
354 1722 425 1803 fuit,
446 1742 520 1804 qua
543 1723 626 1787 mihi
649 1723 820 1788 vobiscum
841 1732 898 1786 est,
959 1724 996 1787 lli
1015 1723 1099 1786 enim

77 1808 228 1890 antiquos
254 1807 473 1888 mirabantur;
498 1808 567 1889 ipse
592 1826 728 1872 snorum
749 1817 934 1890 temporum
955 1809 1097 1890 eloquen-

77 1893 156 1959 tiam
169 1893 385 1976 anteponebat
398 1909 460 1956 nec
474 1893 543 1956 ullt
561 1911 596 1957 re
610 1893 713 1989 magis
727 1890 874 1974 ejusdem
888 1890 1097 1954 aetatis-orato

76 1995 127 2042 res
141 1976 317 2062 praecurrit,
331 1982 431 2059 qnam
441 1974 576 2057 judicio.
622 1979 754 2042 Primus
768 1976 858 2041 enim
878 1976 1019 2041 excoluit
1032 1993 1096 2039 ora·

76 2063 205 2141 tionem,
220 2062 345 2145 primus
359 2070 391 2125 et
403 2062 512 2125 verbis
526 2062 689 2128 delectum
707 2062 856 2127 adhibuit
870 2073 902 2127 et
922 2060 1095 2144 compositi·

76 2147 133 2210 oni
147 2157 258 2225 artem,
281 2148 369 2210 locos
391 2161 522 2227 quoque
543 2146 683 2212 laetiores
703 2145 872 2211 attentavit
893 2156 925 2210 et
946 2144 1094 2229 quasdam

76 2228 251 2297 sententias
264 2229 410 2311 invenit3
434 2230 548 2312 utique
562 2231 596 2295 in
613 2231 666 2295 his
679 2231 888 2311 orationibus,
902 2250 983 2313 quas
996 2230 1094 2293 senior

74 2314 143 2397 jam
158 2328 190 2381 et
201 2313 297 2394 juxta
311 2314 412 2377 finam
425 2314 503 2379 vitae
519 2316 710 2399 composuit,
725 2315 758 2380 id
772 2326 832 2393 est,
854 2327 1023 2398 postquam
1034 2333 1095 2376 ma·

76 2403 125 2488 gis
136 2401 321 2486 profecerat,
335 2417 464 2481 usuque
477 2410 509 2462 et
522 2400 753 2484 experimentis
768 2400 932 2479 didicerat,
946 2398 1031 2482 quod
1044 2416 1094 2480 op

75 2486 194 2550 timum
207 2485 335 2549 dicendi
349 2502 455 2567 genus
468 2497 560 2552 esset
604 2485 691 2552 Num
705 2486 825 2568 priores
846 2484 917 2564 ejus
941 2482 1094 2547 orationes

75 2589 141 2635 non
166 2579 279 2633 carent
300 2568 390 2633 vitiis
415 2569 633 2654 antiquitatis3
667 2571 776 2634 lentus
798 2569 904 2632 estin
927 2566 1094 2651 principiis,

76 2654 196 2738 longus
223 2654 258 2716 in
285 2653 534 2735 narrationibus
563 2654 687 2719 otiosus
714 2656 799 2719 circa
823 2672 986 2733 excessus,
1011 2651 1093 2715 tnrdd

76 2747 309 2815 commovetur,
331 2739 401 2801 raro
417 2737 593 2821 incalescit,
615 2739 713 2823 pauci
736 2744 851 2802 sensus
874 2739 948 2820 apti
970 2747 1092 2801 etcum

75 2821 217 2907 quodam
232 2820 356 2886 lumine
380 2823 615 2888 terminantur:
638 2824 722 2888 nihil
745 2842 926 2905 excerpere,
949 2821 1030 2885 nibil
1050 2839 1092 2883 re

74 2908 159 2973 ferre
173 2904 294 2992 possis:
316 2916 356 2987 et,
370 2908 509 2972 velutin
525 2909 598 2973 rudi
613 2908 761 2987 oedifioio,
775 2907 890 2971 firmus
904 2907 983 2972 sane*
996 2904 1092 2989 paries

74 3003 108 3059 et
121 2994 307 3073 duraturus,
322 2992 379 3057 sed
392 3011 460 3056 non
474 2998 553 3055 satia
566 2993 729 3075 expolitus
748 3001 780 3057 et
798 2989 982 3075 splendens

75 3087 185 3152 nutem
206 3088 375 3158 oratorem,
396 3077 481 3155 sicut
502 3080 699 3160 locupletam
720 3093 759 3141 ae
781 3077 911 3140 lautum
931 3086 1019 3159 patre
1079 3109 1090 3123 ·

75 3163 185 3243 miliae,
200 3182 268 3226 non
287 3183 327 3226 eo
345 3164 471 3227 tantiam
493 3164 567 3227 volo
591 3172 675 3227 tecto
698 3160 773 3249 tegi,
795 3160 884 3243 quod
902 3161 1036 3223 imbrem
1055 3175 1090 3220 nc

73 3256 211 3313 ventum
225 3258 341 3325 arceat,
356 3247 413 3311 sed
426 3247 524 3312 etiarn
544 3247 633 3329 quod
647 3247 756 3312 risum
771 3256 808 3309 'et
822 3246 936 3310 oeulos
948 3244 1090 3309 delectet:

74 3350 142 3398 non
156 3329 194 3392 ed
209 3332 315 3393 solim
328 3331 444 3396 instrui
465 3331 676 3415 supellectile,
690 3351 762 3414 qua
779 3329 969 3394 necessariis
983 3326 1090 3391 usibus

73 3413 231 3492 sufficiat,
254 3413 312 3474 sed
334 3413 400 3476 sint
419 3415 455 3477 in
470 3426 626 3497 apparatu
644 3415 715 3495 ejus
729 3425 761 3479 et
776 3433 895 3479 aarum
907 3424 939 3476 et
952 3430 1089 3498 gemme,

72 3504 246 3559 utaumere
256 3495 293 3558 in
304 3514 421 3559 manus
432 3508 463 3559 et
474 3498 617 3580 aspicere
627 3499 743 3582 saepius
755 3499 870 3562 libeat:
883 3496 1090 3580 quaedamre·

72 3577 109 3638 τὸ
117 3578 230 3656 procul
240 3588 420 3658 arceantur,
429 3590 466 3644 ut
471 3581 541 3660 jam
550 3583 716 3647 obliterata
727 3592 759 3646 et
767 3583 906 3646 olentia:
919 3577 1090 3645 nullumsit

71 3657 209 3723 verbum
222 3662 313 3725 velut
326 3661 476 3747 mbigine
490 3662 657 3749 intectum,
672 3667 758 3732 nnlli
773 3683 889 3732 seruus
901 3663 994 3730 tardi
1005 3662 1090 3728 etin·
1180 3755 1181 3762 ἵ
