2392 4050
496 181 696 249 Auaruons.
1040 186 1107 254 233

67 348 205 431 tatione,
221 348 304 414 nihil
318 351 360 415 ob
374 351 582 420 formidinem
592 372 751 436 recusare,
766 354 929 439 emorque
942 358 1061 423 arrxius
1071 366 1105 423 et

67 434 220 498 intentus
235 454 339 519 agere.
383 436 458 500 Nou
472 441 552 503 sane
567 440 646 503 aliis
659 440 873 522 exercitatior,
887 440 1055 527 magisque
1066 442 1103 507 in

69 519 230 604 ambiguo
246 520 414 584 Britannia
426 520 506 586 fuit:
529 524 683 587 trucidati
696 526 850 604 veterani,
864 524 1005 589 incensae
1020 527 1107 591 colo·

69 602 148 682 nim,
161 602 331 686 intercepti
346 606 525 672 exercitus:
547 620 619 672 tum
631 608 796 691 desolate,
811 629 890 673 mox
903 609 945 672 de
956 607 1104 691 victorii,

70 687 247 752 certavere.
291 689 381 759 Quae
396 701 525 770 cuncta,
546 692 607 755 etei
631 693 775 758 consiliis
788 695 955 776 ductuque
969 693 1104 759 alterius

70 771 264 856 agebantur,
280 792 319 837 ae
332 792 462 840 summa
472 794 583 842 rerum
596 786 629 839 ct
643 779 826 861 reciperatae
840 779 1019 861 provinciae
1034 780 1103 861 ple

70 858 124 920 ria
138 856 173 919 in
190 856 318 920 Ducem
333 857 447 940 cessit3
470 870 572 924 artem
585 872 618 925 et
631 881 730 927 nsum
743 874 776 926 ct
789 862 939 928 stimulos
949 863 1103 928 adnuere

64 939 206 1021 juveni:
228 940 426 1023 intravitque
444 945 592 1010 animum
611 946 760 1010 militaris
773 948 885 1031 glorie
899 948 1029 1030 cupido,
1051 949 1102 1013 in·

71 1034 168 1108 grata
182 1026 388 1108 temporibus,
402 1028 663 1109 quibussinistra
672 1051 749 1131 erga
759 1032 939 1095 eminentes
947 1033 1103 1118 interpre-

71 1109 163 1187 tatio,
175 1109 358 1172 necminus
368 1112 604 1192 periculumcx
612 1134 731 1198 magna
742 1114 836 1196 sarnai,
846 1119 995 1198 quimex
1007 1119 1102 1184 mali.

117 1194 174 1258 VI.
197 1194 285 1258 Hinc
299 1193 570 1276 adcepesoendos
584 1198 619 1261 Μ
662 1199 792 1269 ,stratus
805 1199 841 1262 in
856 1203 967 1265 urbem
980 1202 1103 1288 digres-

67 1296 139 1358 mm,
162 1278 341 1342 Domitiam
359 1278 582 1361 Deoidianam,
605 1218 782 1365 sffenffldis
801 1285 963 1349 natalibus
986 1298 1100 1366 ortam,

68 1359 136 1425 sibi
155 1360 287 1442 junxit:
309 1361 408 1445 idque
419 1366 669 1432 matrimonium
676 1367 718 1431 ad
733 1366 857 1449 majora
869 1368 987 1433 nitenti
1000 1370 1102 1434 decus

68 1466 113 1510 ac
128 1448 228 1510 robur
241 1445 322 1510 fuit:
344 1448 564 1532 vixeruntque
579 1450 660 1515 mirri
674 1452 857 1532 concordii,
878 1471 936 1536 per
950 1466 1102 1520 mutuam

67 1530 242 1595 caritatem
254 1540 287 1593 et
300 1530 443 1598 invicem
457 1552 493 1596 se
507 1536 754 1617 anteponendo:
777 1537 841 1600 nisi
856 1538 942 1619 quod
957 1539 992 1601 in
1015 1540 1102 1605 bont

19 1667 21 1670 .
67 1634 177 1679 uxore
193 1623 280 1679 tanto
294 1616 397 1697 major
415 1618 499 1697 laus,
518 1629 641 1700 quanto
662 1619 699 1684 iu
724 1621 810 1684 mali
829 1622 905 1702 plus
920 1624 1026 1703 culpae
1041 1633 1099 1686 est.

67 1700 152 1764 Sors
164 1701 350 1769 Questurae
363 1701 565 1783 provinciam
573 1703 695 1783 Asiam,
706 1703 939 1769 Proconsulem
949 1706 1102 1770 Salvium

68 1784 257 1865 Titianum,
277 1784 385 1848 dedit:
406 1805 548 1868 quorum
570 1795 688 1849 neutro
711 1797 882 1869 corruptus
908 1798 975 1869 eat3
997 1808 1102 1869 quan·

66 1887 173 1951 quam
186 1878 220 1930 et
241 1868 409 1951 provincia
432 1869 524 1933 dives
549 1890 587 1934 ac
601 1879 713 1953 parata
738 1871 955 1954 peccantibus,
977 1882 1010 1934 et
1025 1873 1102 1937 Pro·

67 1953 189 2017 consul
204 1952 240 2013 in
251 1971 383 2017 omnent
392 1953 578 2020 aviditatem
591 1972 722 2037 pronus,
736 1954 936 2037 quantalibet
946 1954 1101 2021 facilitate

65 2037 276 2103 redemtrrrua
290 2049 371 2103 esset
382 2049 531 2103 mutuam
539 2038 832 2103 dissimulationem
842 2040 944 2103 mali„
973 2042 1101 2106 Auctun

64 2132 118 2186 est
133 2121 180 2183 ibi
195 2120 273 2200 filia,
295 2120 330 2185 in
345 2122 527 2187 subsidium
541 2134 573 2187 et
586 2123 741 2188 solatium
759 2125 877 2187 simul:
900 2143 978 2189 narn
992 2126 1100 2192 filium

66 2217 146 2269 ante
162 2205 328 2268 sublatum
349 2206 438 2271 brevi
464 2207 579 2272 amisit
624 2209 706 2271 Mox
727 2208 811 2271 inter
834 2210 1044 2278 Quarturam
1059 2230 1099 2277 ac

66 2290 298 2354 Tribunatum
312 2290 414 2372 plebis
429 2301 524 2374 atque
536 2292 751 2373 etiamipsunr
760 2291 961 2356 Tribunatris
973 2313 1100 2360 aunum

65 2374 183 2458 quiete
196 2380 227 2435 et
241 2373 306 2437 otio
322 2375 457 2458 transiit,
471 2392 594 2471 gnarus
608 2377 670 2438 sub
684 2375 813 2438 Nerone
825 2378 1015 2456 temporum,
1030 2379 1102 2474 qui·

64 2460 134 2522 bus
148 2458 264 2521 inertia
278 2477 334 2540 pro
349 2459 505 2541 sapientiai
519 2460 590 2522 furt.
635 2458 726 2520 Idem
737 2457 890 2522 Praetura
906 2470 998 2522 tenor
1012 2471 1044 2523 et
1057 2481 1101 2525 sr-

65 2542 229 2622 lentium;
253 2562 314 2606 nec
328 2544 417 2608 enim
434 2542 618 2622 jurisdictio
632 2542 814 2605 obvenerat.
858 2541 971 2605 Ludos
985 2553 1017 2606 et
1031 2544 1100 2609 ina·

65 2627 127 2692 nia
156 2625 289 2689 honoris
305 2626 532 2691 moderationis
563 2635 659 2706 atque
684 2624 890 2701 abundantia
916 2626 1020 2707 duxit,
1050 2636 1099 2694 uti

65 2712 126 2776 lon
152 2710 359 2790 ealuxurii,
375 2712 420 2773 ita
432 2709 527 2773 fama
537 2708 677 2791 propior.
722 2709 814 2772 Tum
824 2711 977 2774 electusa
990 2713 1099 2777 Galba

65 2796 112 2859 ad
129 2731 220 2856 {ona
244 2796 438 2876 templorum
461 2814 514 2858 rec
559 2792 730 2871 noscenda,
744 2794 1003 2888 ⁸diligentissimis
1024 2817 1100 2862 con·

63 2877 243 2962 quisitione
257 2877 341 2958 fecit,
356 2896 397 2941 ne
412 2876 507 2957 cujus
522 2877 654 2942 aterius
670 2878 878 2962 sacrrlegium
891 2879 1099 2961 Respublica,

64 2967 170 3047 quam
185 2961 323 3027 Neronis
336 2963 497 3026 sensisset.
1091 2994 1116 3009 e

113 3045 189 3109 vll.
211 3045 358 3128 Sequens
369 3064 476 3108 annus
487 3042 581 3127 gravi
591 3045 728 3107 vulnere
740 3043 888 3107 animum
900 3043 1100 3129 domumque

66 3128 142 3212 ejus
157 3128 291 3193 afflixit:
315 3148 394 3194 nam
407 3130 518 3194 classis
534 3126 733 3206 Othoniana,
755 3128 890 3216 licenter
903 3147 1007 3216 vaga·
1018 3130 1101 3198 dum

67 3214 257 3278 Intemelios
273 3213 432 3300 (Liguriae
442 3232 516 3295 pars
526 3213 588 3296 cst)
598 3211 756 3276 hostiliter
768 3213 949 3294 populatur,
964 3225 1101 3282 matrem

67 3297 232 3385 Agricola
258 3297 293 3362 in
320 3296 445 3380 praediis
475 3298 543 3361 suis
564 3294 741 3362 interfecit:
765 3296 948 3380 praediaque
974 3302 1043 3384 ipsa
1067 3313 1100 3366 ct

68 3400 226 3466 magnam
236 3381 419 3464 patrimonii
434 3393 558 3465 partem
566 3382 710 3465 diripuit,
723 3401 796 3464 quae
811 3401 912 3446 causa
925 3385 1024 3449 caedis
1033 3385 1102 3448 fue·

68 3477 129 3530 rat.
174 3465 279 3551 Igitur
301 3465 343 3528 ad
357 3468 504 3531 solennia
525 3468 652 3550 pietatis
667 3467 826 3549 profectus
841 3468 1003 3550 Agricola,
1018 3485 1102 3559 uun·

70 3552 117 3614 tio
132 3551 272 3615 affectati
287 3571 307 3612 a
320 3551 518 3633 Vespasiano
533 3550 666 3635 Imperii
690 3551 919 3633 deprehensus,
941 3571 979 3612 ac
993 3557 1102 3612 statim

70 3633 107 3701 ia
126 3643 236 3719 partes
259 3636 688 3782 transgressusest.201*11itia
701 3632 904 3714 Principum
926 3648 964 3692 tw
983 3636 1114 3701 statum
