2392 4050
83 169 117 237 A.
132 171 163 236 G.
177 171 241 260 ou]
358 170 509 234 Hrsroa.
525 168 604 239 bra.
619 168 798 235 Tartarus.
1022 168 1086 234 125

82 363 137 427 que
156 355 250 425 metu,
274 363 316 409 ne
339 341 496 424 disjectos,
518 342 620 429 abque
645 344 751 408 mimis
771 338 905 421 validos,
920 341 1085 406 Vitelliani

82 449 150 493 cons
217 442 328 495 rentur
359 439 566 495 cunctantem
591 431 624 493 in
648 450 738 493 arma
751 428 966 511 impellebant.
1009 426 1084 506 Sed,

80 515 156 598 qood
170 517 203 579 in
216 513 374 597 ejusmodi
390 516 486 578 rebus
500 516 623 596 accidit,
638 515 811 580 consilium
821 512 860 575 ab
872 514 1021 577 omnibus
1032 510 1087 575 da·

81 609 142 664 turn
155 611 208 687 est,
227 602 412 685 periculum
434 603 529 683 pauci
552 601 704 665 sumsere.
749 600 845 663 Circa
867 599 975 662 lacum
997 598 1088 661 Fun·

80 685 156 767 dani,
169 686 446 765 descendentibus,
460 686 516 769 qui
526 687 684 752 Sabinum
696 686 938 763 comitabantur,
949 682 1087 764 armatis,

79 783 242 836 occurrunt
251 754 456 856 promtissimi
472 772 726 837 Vitellianorum.
770 764 937 853 Modicum
951 770 993 833 ibi
1009 788 1087 851 pre·

79 852 348 1008 liurnplimproviso
363 860 506 939 tumultu
538 858 594 921 sed
616 877 803 941 prosperum
818 855 998 919 Vitellianis
1013 853 1086 918 fuit.

79 943 145 1007 Sabi
168 952 267 1025 uere
282 942 480 1026 trepidatqu
539 944 772 1014 tutissimume
818 941 1018 1020 raesentibus,
1039 958 1086 1004 ar·

78 1047 141 1092 cern
167 1027 310 1114 capitolii
339 1008 456 1091 insedit
479 1029 581 1093 milite
614 1040 645 1093 et
671 962 866 1112 'quibusdam
891 1027 1087 1091 Senatorum

78 1113 311 1198 Equitumque:
344 1132 482 1198 quorum
505 1114 639 1178 nomina
663 1113 785 1177 tradere
810 1111 898 1175 haud
922 1123 1087 1195 promtum

77 1209 125 1280 est,
139 1202 302 1284 quoniam,
316 1199 438 1263 victore
453 1199 658 1283 Vespasiano,
674 1198 767 1263 multi
789 1197 823 1261 id
846 1197 994 1262 meritum
1006 1216 1087 1284 erga

77 1292 171 1366 partes
184 1285 390 1380 annularem,
434 1285 610 1350 Subierunt
629 1284 788 1349 obsidium
812 1283 909 1346 etiam
923 1282 1062 1347 foeminae
1076 1302 1084 1365 3

77 1368 151 1435 inter
165 1390 245 1455 quas
261 1366 401 1434 maxime
417 1370 553 1457 insignis
570 1372 733 1435 Verulana
753 1370 898 1450 Gratilla,
920 1388 1024 1452 neque
1047 1367 1085 1434 li·

77 1455 169 1537 beros,
183 1474 288 1539 neque
303 1456 509 1539 propinquos,
523 1456 578 1520 sed
595 1457 717 1520 bellum
731 1466 850 1520 secuta.
893 1454 1086 1520 Vitellianus

76 1541 162 1605 miles
176 1540 320 1606 custodia
333 1536 461 1611 socordi
481 1544 609 1605 clausos
631 1539 860 1623 circumdedit3
882 1539 993 1624 obque,
1009 1558 1085 1604 con·

77 1627 165 1692 cubili
177 1639 278 1709 nocte,
294 1646 370 1690 suos
389 1627 505 1692 liberos
520 1627 660 1692 Sabinus
685 1636 717 1689 et
731 1625 965 1704 Domitianum,
979 1618 1085 1689 fratris

76 1712 231 1795 illumin
247 1711 435 1795 capitolium
452 1712 588 1777 accivit:
611 1713 710 1775 misso
725 1730 779 1793 per
790 1712 938 1796 neglecta
952 1709 993 1773 ad
1008 1712 1084 1775 Fla·

75 1799 183 1863 uanos
198 1799 309 1863 Duces
323 1798 447 1877 nuntio,
462 1798 527 1883 qui,
543 1795 782 1862 ‘circumsideri
796 1797 890 1880 ipsos,
905 1805 945 1876 et,
960 1795 995 1858 ni
1010 1796 1085 1859 sub·

75 1884 241 1964 veniretur,
256 1894 358 1947 arctas
381 1886 439 1946 res’
464 1884 636 1947 nuntiaret.
680 1883 818 1947 Noctem
839 1880 919 1943 adab
943 1880 1085 1964 quietam

75 1971 141 2055 egit,
156 1978 193 2034 ut
204 1968 334 2055 degredi
349 1969 418 2033 sine
434 1967 519 2032 nord
533 1967 693 2054 potuerit:
714 1967 833 2050 qnippe
848 1967 939 2031 miles
953 1966 1083 2051 Vitellii,

75 2056 219 2121 adversus
232 2055 375 2140 pericula
388 2054 487 2133 ferox,
503 2055 664 2118 laboribus
679 2062 711 2116 et
724 2051 843 2139 vigiliis
857 2072 972 2136 parurn
983 2054 1085 2118 inten-

31 2163 60 2245 ᾗ
74 2150 120 2205 tus
134 2150 202 2207 erat
212 2165 222 2205 :¹
241 2152 273 2203 et
287 2141 450 2225 hybernus
464 2140 573 2221 imber,
588 2140 717 2225 repente
739 2138 839 2220 susus,
854 2140 966 2203 oculos
978 2157 1084 2204 aures·

74 2245 131 2309 que
146 2226 345 2309 impediebat.

110 2313 214 2379 LXX.
236 2313 326 2377 Luce
340 2308 442 2394 prima
457 2309 607 2392 Sabinus,
619 2322 789 2394 antequam
801 2310 942 2374 invicem
953 2312 1083 2377 hostilia

74 2410 251 2481 captarent,
264 2396 449 2461 Cornelium
463 2395 654 2477 Martialem,
668 2417 686 2460 e
701 2395 959 2479 primipilaribus,
974 2396 1015 2459 ad
1033 2398 1084 2460 Vi-

74 2484 195 2548 tellium
208 2483 302 2561 misit,
317 2500 394 2545 cum
408 2480 582 2544 ‘mandatis
597 2491 629 2544 et
639 2492 764 2564 questu,
776 2479 862 2564 qubd
874 2490 966 2566 pacta
976 2483 1083 2546 turba·

74 2578 188 2632 rentur.
231 2568 478 2634 Simulationem
493 2563 631 2654 prorsus}
648 2576 680 2629 et
703 2567 877 2653 imaginem
901 2566 1082 2650 deponendi

74 2653 197 2738 Imperii
218 2652 327 2734 fuisse,
347 2651 388 2715 ad
405 2649 618 2736 ,decipiendos
640 2661 687 2716 tot
710 2652 850 2716 illustres
873 2650 969 2717 viros.
1014 2654 1083 2721 Cur

74 2740 188 2804 anime
207 2738 316 2803 rostris
338 2736 442 2800 fratria
457 2737 600 2816 domum,
615 2738 836 2803 imminentem
854 2736 931 2822 foro,
956 2749 987 2803 et
1002 2740 1083 2803 *irri-

69 2821 357 2911 Qudispominum
370 2823 481 2903 oculis,
504 2824 601 2906 quim
615 2824 813 2889 Aventinum
827 2835 858 2888 et
871 2824 1007 2889 Penates
1021 2845 1081 2889 ux·

75 2909 133 2972 oria
148 2910 294 2992 petissett
336 2910 529 2990 Itaprivato,
541 2920 572 2973 et
586 2929 716 2973 omnem
731 2909 931 2993 Principatds
942 2910 1082 2992 speciem

75 2994 191 3077 vitanti,
215 2992 411 3059 convenisse
455 2996 583 3075 Contra,
607 2995 773 3058 Vitellium
794 2994 828 3057 in
854 2994 1019 3076 palatium,
1045 2996 1081 3060 in

74 3078 170 3161 ipsam
184 3079 312 3165 Imperii
336 3098 441 3143 arcem
461 3099 659 3165 regressum:
681 3080 756 3143 inde
781 3090 940 3143 armatum
964 3100 1080 3164 agmen

76 3164 239 3230 emissum:
275 3174 406 3229 stratam
430 3166 651 3229 innocentium
676 3164 817 3228 caedibus
840 3165 1081 3235 celeberrimam

75 3250 158 3313 urbis
172 3261 311 3336 partera:
333 3268 375 3313 ne
389 3251 537 3334 capitolio
558 3250 688 3335 quide'm
711 3250 869 3314 abstineri.
914 3242 1081 3338 Togatam
1165 3321 1166 3330 ,

1165 3239 1167 3286 l

76 3351 184 3419 nempe
197 3357 241 3418 se,
255 3345 286 3400 et
296 3355 428 3400 unume
440 3335 657 3417 senatoribus,
668 3335 748 3400 dum
757 3337 839 3400 inter
849 3338 1081 3420 Vespasianum
1165 3379 1167 3434 l

77 3422 282 3487 acVitellium
296 3421 412 3504 praeliis
428 3421 602 3507 legionum,
626 3422 860 3506 captivitatibus
875 3423 1012 3506 urbium,
1027 3427 1081 3489 de-

77 3502 243 3572 ditionibus
253 3507 433 3571 cohortium
439 3505 611 3589 judicatur,
620 3509 697 3589 jam,
708 3508 873 3591 Hispaniis
885 3510 1081 3574 Germaniis·
1164 3535 1167 3568 t

77 3607 137 3670 que
149 3602 178 3655 et
192 3593 356 3658 Britannia
376 3591 632 3672 desciscentibus,
649 3593 777 3657 fratrem
791 3594 976 3675 Vespasiani
991 3612 1081 3657 man·
1164 3599 1166 3625 ¹

78 3672 150 3741 aisse
162 3679 195 3744 in
210 3678 281 3763 fide,
296 3679 399 3744 donec
419 3678 506 3743 ultrb
529 3677 569 3741 ad
590 3678 788 3741 conditiones
803 3683 978 3739 vocaretur.
1021 3676 1080 3736 Pa·
1163 3719 1166 3776 ἓ

552 3764 609 3829 11*

1164 3461 1167 3524 l

1162 3641 1167 3714 l
