2392 4050
321 289 368 336 nn
384 269 622 339 Oneromnue
637 270 832 337 Dianoeas.
1016 272 1082 340 273
1186 322 1187 325 ,

57 434 117 498 erti
129 439 300 519 stmcturi,
313 439 348 503 in
363 459 486 504 morem
497 441 687 520 Annalium,
700 450 957 525 componentem
979 439 1083 528 fugiat

59 519 180 585 fredam
204 533 237 586 et
259 524 417 589 insulsam
439 525 675 605 scurrilitatem,
690 526 794 590 variet
807 526 1082 622 compositionem,

57 622 120 669 nec
135 625 248 670 omnes
261 610 429 685 clausulas
437 627 508 671 uno
515 620 548 672 et
561 609 676 673 eodem
690 611 786 675 modo
801 620 960 675 terminet.

101 690 234 755 XXIII.
257 694 343 758 Nolo
358 693 490 757 irridere
506 692 775 761 ‘rotamsortunae
790 704 822 758 et
833 693 889 775 jus
900 695 1083 761 Verrinum’

57 785 91 837 et
111 775 203 853 illud,
226 777 317 842 tertio
331 797 461 859 quoque
483 796 580 842 sensu
596 777 631 863 iu
646 780 797 847 omnibus
811 780 1011 844 arancarum
1024 797 1083 861 pro

57 860 218 921 sententia
233 862 383 943 positum,
407 870 494 927 ‘esse
509 863 676 927 rideatur)
719 864 806 937 Nam
826 873 858 926 et
881 863 943 928 hoc
959 863 1083 927 invitus

56 943 166 1022 retuli,
177 953 211 1006 et
220 947 315 1026 plura
328 945 434 1024 omisi,
447 966 522 1028 quae
536 958 644 1012 tamen
660 949 730 1011 sola
743 949 902 1013 mirantur
917 959 1014 1030 atque
1028 966 1084 1013 ex·

52 1029 200 1109 primunt
223 1031 267 1109 hi,
281 1029 348 1112 qui
363 1051 398 1093 se
412 1031 564 1114 mitiqnos
582 1042 725 1096 oratores
738 1044 865 1097 vocant.
909 1033 1084 1099 Neminem

57 1114 245 1191 nominabo,
260 1133 364 1199 genus
379 1116 551 1180 hominurn
574 1116 721 1200 signasse
743 1127 934 1182 contentus:
956 1117 1013 1180 sed
1026 1136 1084 1180 vo-

56 1196 107 1259 bis
121 1196 234 1279 utique
246 1212 415 1263 versantur
430 1212 504 1264 ante
518 1203 640 1280 oculos,
655 1202 711 1284 qui
725 1200 895 1266 Lucilium
908 1218 966 1284 pro
980 1202 1084 1266 Hora·

56 1280 114 1358 tio,
129 1289 161 1342 et
175 1282 366 1346 Lucretium
380 1302 437 1365 pro
453 1285 599 1369 Virgilio,
615 1287 747 1371 legunt3
769 1285 887 1368 quibus
900 1284 1085 1367 eloquentia

57 1365 109 1426 tui
124 1365 246 1429 Aufidii
264 1367 366 1447 Bassi,
381 1377 438 1430 aut
463 1369 592 1435 Servilii
620 1370 774 1450 Noniani,
789 1390 831 1434 ex
845 1369 1084 1453 comparatIone

55 1448 204 1513 Sisennae
223 1460 280 1515 aut
295 1451 458 1531 Varronis,
481 1454 610 1536 sordet3
632 1455 690 1538 qui
711 1456 878 1520 rhetorum
898 1464 1084 1519 nostrontm

55 1536 307 1598 commentarios
322 1533 499 1617 lastidIunt,
514 1538 660 1618 oderunt,
682 1539 777 1603 Calvi
792 1539 968 1603 mirantur:
990 1557 1082 1622 quoe,

56 1635 150 1681 more
168 1619 274 1700 prisco
293 1619 380 1702 apud
401 1619 546 1699 judicem
568 1623 759 1701 fabulantes,
780 1642 847 1687 non
862 1622 1023 1687 auditores
1036 1641 1085 1685 se·

55 1713 215 1783 quuntur,
230 1722 295 1768 non
312 1707 452 1786 populus
467 1706 566 1786 audit,
581 1707 640 1771 vix
654 1704 794 1788 denique
809 1706 949 1791 litigator
974 1724 1085 1788 perpe-

55 1786 158 1850 titur:
181 1787 261 1852 adeo
274 1788 381 1853 moesti
401 1799 433 1851 et
447 1790 564 1854 inculti
587 1791 681 1854 illem
694 1789 807 1871 ipsam,
828 1808 929 1871 quam
950 1789 1084 1870 jactant,

55 1871 238 1951 sanitatem,
250 1891 316 1936 non
329 1872 547 1938 firmitate’sed
555 1874 682 1954 jejunio
693 1884 947 1954 consequuntur.
985 1873 1085 1937 Porro

54 1972 102 2018 ne
113 1955 148 2019 in
164 1975 295 2040 corpore
308 1955 442 2040 quidem
456 1959 676 2022 valetudinem
700 1955 818 2021 medici
840 1957 987 2041 probant,
1010 1975 1085 2040 quta

54 2061 77 2103 a
91 2041 196 2103 nimii
207 2043 369 2107 anxietate
380 2043 562 2129 contingat:
584 2061 701 2127 parum
717 2053 774 2122 est,
785 2066 811 2108 a
834 2060 986 2106 rumnon
998 2060 1083 2104 esse:

54 2124 176 2189 fortem
189 2135 221 2189 et
235 2129 347 2192 laetum
362 2137 394 2191 et
408 2129 549 2194 alacrem
561 2130 657 2194 volo:
678 2128 777 2212 prope
794 2147 813 2190 a
870 2137 881 2190 t
895 2127 936 2191 ab
950 2124 1086 2194 infirmi·

55 2214 133 2291 tate,
146 2209 179 2273 in
194 2231 259 2294 quo
274 2214 345 2275 sola
357 2213 478 2277 sanitas
491 2214 652 2279 laudatur.
695 2213 761 2277 Vos
772 2212 859 2292 vero,
874 2209 1084 2291 disertissimi,

56 2304 97 2357 ut
120 2298 260 2378 potestis,
286 2306 324 2360 ut
348 2297 463 2376 facitis,
483 2297 642 2362 illustrate
665 2298 826 2362 saeculum
844 2305 992 2361 nostrum
1014 2296 1086 2375 pul·

58 2378 221 2445 cherrimo
232 2399 347 2468 genere
357 2381 497 2445 dicendi.
534 2384 565 2447 N
567 2402 622 2446 am
632 2393 662 2446 et
674 2393 714 2461 te,
723 2381 874 2459 Messala,
885 2378 982 2445 video
990 2376 1087 2444 iretis·

56 2463 142 2527 aima
157 2484 293 2547 quaeque
310 2468 519 2548 antiquomm
534 2467 732 2531 imitantemz
754 2476 786 2529 et
801 2483 868 2543 vos,
884 2463 1031 2527 Materne
1046 2479 1086 2526 ec

57 2547 220 2629 Secunde,
236 2550 282 2613 ita
294 2551 452 2636 gravitate
467 2570 626 2616 sensuum
639 2552 776 2615 nitorem
790 2559 822 2613 et
834 2549 960 2612 cultum
973 2546 1086 2609 verbo·

55 2651 140 2697 rum
147 2634 295 2717 miscetis,
307 2656 347 2700 ea
359 2636 474 2699 electio
488 2635 694 2717 inventionis,
708 2636 736 2699 is
751 2634 830 2699 ordo
839 2641 996 2710 rerumet,
1006 2648 1086 2727 quo-

53 2717 118 2782 ties
133 2737 233 2783 causa
246 2721 359 2804 poscit,
380 2721 516 2801 ubertas,
538 2740 586 2802 ea,
599 2721 749 2804 quotiens
763 2718 966 2805 permittitur,
982 2717 1086 2813 breut-

53 2811 116 2881 tas,
137 2801 165 2865 is
180 2805 423 2887 compositionis
435 2804 541 2884 decor,
557 2823 596 2868 ea
611 2806 845 2870 sententiarum
859 2802 1014 2887 plenites3
1037 2818 1086 2864 arc

54 2886 237 2970 exprimitis
252 2889 396 2970 affectus,
410 2890 457 2956 sic
479 2890 659 2954 libertatem
679 2888 869 2972 temperatis,
884 2898 922 2951 ut
934 2887 1042 2962 etiam,
1057 2884 1086 2947 si

53 2981 171 3036 nostra
181 2971 307 3051 judicia
321 2974 507 3058 malignitas
522 2984 555 3036 et
577 2973 703 3038 invidia
716 2971 899 3051 tardaverit,
915 2985 1031 3034 verum
1045 2965 1086 3030 de

53 3056 152 3120 vobis
163 3056 283 3121 dicturi
297 3058 365 3124 sint
374 3054 492 3163 posteri
507 3057 619 3122 nostri.
752 3097 755 3100 -
1064 3134 1070 3148 ι

101 3141 227 3206 XXIV.
250 3144 338 3212 Quoe
352 3162 426 3208 cum
440 3144 527 3225 Aper
549 3139 691 3221 dixisset,
717 3136 956 3224 Agnoscitisne,
979 3136 1087 3219 inquit

53 3225 238 3307 Maternus,
253 3226 324 3292 vim
332 3239 364 3290 et
379 3226 528 3301 ardorem
541 3224 621 3307 Apri
636 3224 756 3290 nostrii
778 3241 844 3305 quo
859 3232 1086 3305 tonsuraque

53 3312 183 3393 impetu
212 3313 374 3382 saeculum
394 3323 543 3377 nostrum
567 3308 731 3376 defendit!
767 3313 867 3392 quam
890 3309 1030 3394 copiose„
1047 3326 1086 3372 ao

52 3395 148 3464 varie
173 3397 307 3463 vexarit
331 3397 502 3480 antiquos!
523 3404 647 3478 quanto
670 3413 737 3459 non
761 3394 867 3462 solum
890 3393 1023 3480 ingenio
1046 3411 1086 3457 aa

54 3480 184 3565 spiritu,
198 3479 256 3544 sed
267 3482 366 3546 etiam
375 3481 556 3546 eruditione
570 3489 603 3544 et
617 3489 693 3560 arte,
706 3481 749 3545 ab
759 3479 838 3562 ipsis
849 3488 1018 3545 mutuatus
1028 3485 1086 3555 est,

52 3583 202 3649 perque
215 3585 293 3630 mox
308 3566 394 3649 ipsos
413 3566 606 3630 incesseret!
651 3565 768 3630 Tuum
792 3574 912 3639 tamen,
935 3557 1086 3636 Messala,

54 3649 455 3734 promissum-immutasse
469 3667 534 3712 non
547 3647 664 3710 debes:
682 3645 893 3727 nequeenim
903 3640 1087 3703 defensores

53 3734 269 3820 antiquorum
278 3734 451 3823 exigimus,
460 3750 521 3800 nec
531 3748 720 3816 quenquam
731 3726 886 3817 noenum,
897 3734 1084 3804 quanquam
