2392 4050
484 158 679 225 Aonrcorr.
1026 160 1093 226 239

58 331 211 418 segnitie
234 329 497 398 exeusationem:
524 329 584 393 sed
608 326 769 394 discordiis
796 327 995 412 laboratum
1018 336 1093 398 cnm

60 428 215 483 assuetus
228 415 489 501 expeditionibus
503 413 597 479 miles
610 417 675 479 otio
690 413 861 479 lasciviret
906 415 1093 486 Trebellius

60 503 147 587 {ogd
161 522 199 567 ac
212 500 341 567 latebris
355 498 636 564 vitataexercitds
653 499 712 579 iri,
734 497 908 563 indecorus
922 509 1018 582 atque
1033 501 1094 567 hu·

59 588 164 665 milis,
186 586 331 669 precario
345 603 422 649 mox
434 582 583 667 prefuit:
606 604 646 647 ao
659 585 751 650 velut
765 584 859 667 pacti,
881 585 1043 649 exereitus
1058 586 1095 650 li·

58 671 218 754 centiam,
233 671 313 735 Dux
324 671 473 734 salutem.
516 668 597 732 Haeo
611 668 812 732 seditiosius
825 667 987 755 sanguine
997 671 1093 734 stetit.

58 755 138 820 Nec
153 756 279 819 Vettius
293 756 447 833 Bolanus,
469 755 676 820 monentibus
694 752 802 817 adhue
817 754 969 819 civilibus
988 754 1093 836 bellis,

59 840 202 926 agitavit
210 839 411 905 Britanniam
420 838 613 921 disciplinis:
633 838 747 903 eadem
757 838 960 923 inertiaerga
973 838 1094 922 hostes,

57 924 181 990 similis
206 925 386 1009 petulantia
407 933 607 986 memorum:
629 922 694 986 nisi
716 923 804 1007 quod
825 922 984 989 innocens
997 924 1094 989 Bola-

57 1025 140 1089 nus,
155 1017 194 1072 et
211 1007 313 1073 nullis
327 1007 460 1073 delictis
480 1006 618 1088 invisus,
641 1006 808 1072 caritatem
829 1020 998 1091 paraverat
1019 1012 1094 1074 loco

57 1094 275 1159 mautarn.
731 1133 735 1138 -

26 1157 49 1256 i
104 1178 218 1244 XVII.
240 1177 315 1257 sed,
329 1176 387 1241 ubi
401 1195 480 1243 cum
493 1186 600 1243 cetero
609 1175 686 1240 orbe
697 1174 915 1260 Vespasianus
925 1177 1093 1246 ct'Britnn·

57 1265 159 1329 niam
170 1261 371 1347 reoiperavit,
386 1265 498 1348 magni
513 1261 634 1340 Duces,
649 1262 771 1346 egregii
781 1262 952 1343 exereitus,
966 1263 1095 1329 minuta

57 1349 212 1413 bostium
223 1367 308 1431 spes.
352 1346 397 1411 Et
412 1360 566 1411 terrorem
579 1346 688 1410 statim
709 1346 821 1410 intulit
836 1347 971 1411 Petilius
987 1349 1094 1414 Ceria-

56 1436 111 1514 lis,
131 1432 325 1518 Brigantum
346 1431 520 1512 civitatem,
541 1451 615 1515 quor
630 1430 896 1496 numerosissima
914 1433 1092 1514 provincie

56 1518 163 1583 totius
178 1516 373 1599 perhibetur,
388 1527 570 1603 aggressus.
616 1516 722 1580 Multa
734 1517 853 1600 prelia,
870 1526 904 1579 et
916 1519 1093 1601 aliquando

55 1621 130 1670 non
151 1603 341 1667 incruenta:
364 1621 579 1686 magnamquc
603 1601 797 1683 Brigantum
817 1610 941 1682 partem
955 1613 1011 1665 aut
1025 1604 1094 1669 vic·

56 1687 146 1752 toriri
158 1687 339 1769 amplexus,
356 1696 411 1751 out
425 1688 519 1750 bello.
565 1685 620 1763 Et,
635 1684 710 1747 oiim
723 1685 860 1748 Geridis
873 1683 1006 1767 quidem
1016 1689 1094 1753 alte·

54 1773 130 1838 rins
143 1770 340 1835 successoris
354 1787 467 1835 curam
478 1771 662 1851 famamque
674 1769 842 1849 obruisset,
852 1768 1007 1832 sustinuit
1014 1791 1093 1852 quo·

53 1876 126 1943 que
142 1857 262 1922 molem
277 1855 385 1919 Julius
409 1855 597 1935 Frontinus,
612 1854 664 1917 vir
683 1872 831 1935 magnus,
845 1858 1003 1934 qnantum
1018 1856 1094 1920 lice·

54 1944 125 2021 bat,
156 1941 364 2022 validamque
390 1950 423 2003 et
448 1957 633 2026 pugnacem
656 1936 807 2003 Silurum
834 1946 966 2023 gentem
993 1941 1093 2006 armis

54 2027 207 2112 subegit3
220 2023 326 2108 super
341 2023 494 2091 vinunm
517 2023 838 2111 hostium,‚looorum
861 2041 992 2107 quoque
1009 2026 1093 2093 diffi-

53 2113 113 2178 cul
118 2122 201 2175 tates
215 2113 386 2187 eluctatus.

26 2202 49 2273 ,d
102 2195 235 2262 XVlll.
258 2194 358 2258 Hunc
382 2193 560 2259 Britannice
583 2202 713 2272 statum,
736 2193 797 2257 has
818 2193 981 2260 bellorum
1003 2197 1092 2264 vices

26 2279 172 2381 teredii
184 2279 252 2361 jam
267 2288 376 2343 estate
397 2291 618 2364 transgressus
638 2278 792 2364 Agricola
809 2276 944 2359 invenit,
964 2282 1040 2344 crim
1060 2293 1093 2347 et

50 2366 193 2444 milites,
207 2365 299 2428 velut
312 2365 433 2428 omissi
446 2363 662 2447 expeditione,
684 2361 725 2426 ad
744 2362 959 2443 securitatem,
973 2377 1005 2428 et
1020 2367 1093 2430 hos-

52 2463 108 2517 tes
139 2447 184 2513 ud
212 2448 424 2529 occasionem,
452 2458 664 2512 verterentur.
730 2445 932 2511 Ordovicum
966 2448 1091 2531 civitas,

53 2534 153 2602 bend
178 2535 282 2598 multd
303 2543 380 2598 ente
401 2534 577 2598 adventum
599 2532 680 2615 ejus,
697 2532 793 2612 dam,
814 2531 850 2595 iri
876 2531 998 2596 finibus
1023 2536 1092 2602 suis

54 2628 223 2708 agentern,
237 2619 337 2704 prope
350 2619 538 2682 universam
552 2617 741 2681 obtriverat:
762 2636 865 2701 eoque
879 2616 972 2682 initio
985 2632 1093 2687 erecte

52 2705 250 2792 provincia;
287 2714 329 2786 et,
350 2704 470 2786 quibus
494 2704 618 2768 bellurn
642 2702 827 2767 volentibus
855 2713 933 2780 erat,
958 2707 1092 2786 probaro

54 2791 262 2871 exemplum,
276 2799 334 2853 aut
348 2787 486 2853 recentia
500 2787 614 2875 leg-nti
636 2788 784 2853 animum
807 2786 956 2871 opperiri.
1000 2790 1093 2857 'l'um

54 2873 229 2962 Agricola,
243 2890 433 2957 quanquam
456 2882 616 2937 transacta
629 2882 730 2952 restas,
744 2873 845 2954 sparsi
859 2890 916 2953 per
930 2874 1094 2954 provinci-

54 2980 118 3026 am
143 2959 282 3038 numeri,
310 2967 482 3041 praesumta
503 2956 591 3039 apud
615 2956 753 3021 militem
774 2955 863 3018 illius
889 2954 966 3017 anni
989 2957 1092 3038 quies,

53 3043 156 3110 tarda
171 3054 202 3107 et
216 3043 378 3108 contraria
392 3042 516 3106 bellum
530 3039 731 3118 inchoaturo,
757 3048 790 3102 ct
810 3037 970 3120 plerisque
988 3052 1093 3106 custo·

54 3129 125 3195 diri
141 3138 292 3212 suspecta
313 3129 416 3211 potitis
431 3124 611 3204 videbatur,
626 3124 673 3189 ire
688 3123 818 3188 obviem
832 3121 1012 3190 discrimini
1032 3136 1094 3192 sta·

55 3216 144 3281 tuit:
168 3213 405 3295 contractisque
419 3210 587 3298 legionum
607 3209 737 3273 vexillis
752 3217 783 3271 et
806 3206 934 3271 modies
956 3212 1094 3279 auxilio.

54 3318 138 3366 rum
153 3316 264 3378 manu,
279 3297 357 3380 quic
370 3317 404 3362 m
418 3314 552 3379 aequnm
564 3292 697 3380 degredi
713 3291 891 3358 Ordovices
914 3313 982 3360 non
997 3299 1094 3364 ande-

55 3389 151 3464 bam,
181 3384 250 3465 ipse
276 3393 351 3446 ante
373 3400 500 3468 agmen,
523 3381 591 3464 quo
616 3378 731 3444 ceteris
758 3397 814 3462 par
837 3379 968 3445 animus
992 3382 1093 3448 simili

54 3467 210 3556 periculo
234 3477 326 3548 essct,
352 3466 455 3532 erexit
478 3466 603 3531 aciem:
641 3464 790 3546 caesaque
814 3467 913 3548 prope
938 3466 1093 3528 universi

56 3565 169 3643 gente,
182 3570 247 3616 non
264 3551 407 3639 ignarus,
422 3551 610 3616 instandum
623 3549 727 3629 samae,
743 3567 790 3626 ac,
806 3560 901 3628 prout
912 3549 1095 3638 prima'ces·

55 3641 190 3719 siesem,
204 3636 271 3732 fore
285 3637 457 3718 universa3
474 3634 609 3700 Monam
622 3634 773 3710 insulam,
785 3630 881 3708 cujus
894 3642 1095 3710 possessione
