2392 4050
132 178 196 244 tto
497 178 535 242 G.
554 176 666 244 Gonu.
681 116 820 246 'i'acrui
951 176 1003 267 [A.
1017 173 1126 243 usta

129 360 162 415 et
183 347 277 417 aooiti
299 347 422 416 auxilio
447 349 604 417 Germani
624 350 721 415 sociis
744 351 862 435 pariter
885 361 980 435 atque
1003 349 1126 415 hostibus

130 435 318 503 servitutem
330 436 556 521 imposuerant.
599 438 692 507 Quot
706 437 824 520 preliis
838 436 989 502 adversus
1005 437 1127 502 Gimbros

131 521 374 606 Teutonosque,
394 524 524 606 quantia
547 523 751 588 exercituum
772 532 958 588 nostrorum
977 522 1126 600 laboribus,

129 626 236 692 quove
252 616 372 673 eventu
395 607 592 673 Germanica
614 609 699 673 bella
724 608 978 690 tractaverimus,
992 610 1062 673 satis
1078 608 1127 671 cla·

130 711 213 763 rum.
257 692 327 759 Neo
338 693 410 760 ideo
425 693 578 759 Rhenum
587 693 773 774 insedimus,
783 703 821 756 ut
832 694 960 760 Italiam
969 706 1127 774 maranen

129 778 187 844 sed
202 777 316 863 nequis
338 779 422 846 alius
437 777 622 844 Ariovistus
644 779 758 866 Regno
783 779 967 844 Galliarum
988 780 1128 864 psoram.

131 865 182 928 An
198 881 256 929 rer
277 865 413 931 canores
429 864 528 931 Civili
543 864 738 948 Batavisque
752 876 784 929 et
799 865 1058 930 Transrhenanis
1069 881 1129 951 gen·

130 950 216 1014 tibus
230 948 369 1031 creditis,
404 958 481 1016 uam
496 947 669 1030 majoribus
679 969 793 1015 eorum
805 959 910 1036 patres
924 948 1128 1034 aviquevastui

129 1032 287 1101 uerunt
331 972 458 1102 Eadem
471 1054 595 1120 semper
609 1054 709 1100 causa
722 1035 894 1100 Germanis
919 1033 1129 1101 trancendendi

129 1120 163 1184 in
179 1119 314 1202 Gallias,
328 1121 427 1189 libido
450 1132 546 1206 atque
571 1121 707 1185 avaritia
720 1131 751 1187 et
775 1121 939 1186 mutanda
954 1122 1037 1186 sedis
1050 1138 1129 1200 amor,

128 1214 174 1286 ut,
189 1205 306 1272 relictis
320 1208 493 1291 paludibus
503 1217 535 1271 et
544 1205 772 1273 solitudinibus
782 1208 859 1286 suis,
870 1205 1130 1273 facundissimum

128 1289 193 1357 hoo
213 1292 321 1358 solum
341 1313 463 1391 vosque
485 1293 572 1376 ipsos
596 1291 804 1374 possiderent.
847 1294 998 1358 Ceterum
1023 1293 1130 1357 libertas

128 1386 160 1442 et
173 1378 318 1462 speciosa
331 1398 466 1444 nomme
478 1387 722 1463 praetexuntur:
744 1398 806 1443 nec
819 1377 993 1462 quisquam
1006 1378 1130 1442 alienun

128 1462 297 1528 servitium
309 1474 341 1529 et
353 1464 607 1530 dominationem
619 1462 680 1527 sibi
695 1462 890 1547 concupivit,
904 1475 942 1528 ut
956 1483 1022 1530 uon
1035 1463 1130 1528 eaden

127 1548 189 1614 ista
202 1549 362 1615 vocabula
375 1558 556 1634 usurparet

171 1634 328 1701 LXXIV.
350 1634 465 1722 Regna
489 1635 637 1719 bellaque
660 1653 716 1720 per
741 1633 868 1699 Gallias
895 1644 1022 1720 semper
1045 1632 1129 1713 mere,

128 1718 232 1785 donec
246 1720 281 1785 iu
304 1731 452 1788 nostrum
468 1719 524 1803 jus
543 1719 768 1787 concederetis.
812 1721 890 1803 Nos,
904 1728 1130 1804 quanquamto

128 1805 210 1872 tiens
231 1806 377 1891 laoessiti,
399 1806 473 1889 jure
487 1805 631 1873 vietoriae
655 1805 688 1870 id
712 1805 820 1872 solum
841 1805 933 1872 vobis
957 1805 1128 1884 addidimus,

127 1911 192 1976 quo
201 1911 318 1991 pacem
342 1902 515 1960 tueremur.
559 1893 645 1958 Nam
668 1910 772 1988 neque
795 1892 886 1977 quies
912 1892 1054 1979 gentium
1072 1889 1128 1953 sina

128 1996 236 2060 armus,
250 1997 354 2064 neque
375 1999 465 2045 armo
485 1979 556 2045 sine
577 1976 753 2062 stipendiis,
768 1996 873 2062 neque
897 1976 1054 2077 stipendia
1072 1975 1128 2039 siue

127 2064 254 2128 tributis
276 2064 385 2130 heberi
409 2075 542 2150 queunt.
586 2065 701 2128 Cetera
723 2063 758 2128 in
784 2082 950 2129 commum
975 2064 1036 2128 sita
1056 2069 1127 2126 suut

126 2148 193 2233 Ipsi
214 2149 403 2233 plerumque
432 2150 612 2239 legionibus
637 2149 753 2213 uostris
780 2148 975 2234 praesidetis,
998 2149 1055 2233 ipsi
1080 2146 1126 2210 has

126 2234 271 2318 aliasque
285 2235 467 2320 provincias
482 2237 600 2324 regitis.
644 2234 735 2300 Nihil
750 2244 933 2318 separatum
946 2236 1125 2299 clausumve

128 2319 174 2384 Et
186 2320 391 2387 laudatorum
406 2321 596 2406 Principum
609 2340 689 2406 usus
702 2339 745 2385 ex
758 2339 861 2404 aequo,
873 2320 1024 2403 quamvis
1033 2315 1124 2403 procel

126 2405 315 2491 agentibus:
342 2407 420 2474 sevi
444 2407 599 2507 proximis
626 2406 792 2493 ingruunt
835 2406 1012 2476 Quomodo
1033 2399 1124 2468 aerib

126 2502 233 2577 tatem,
248 2502 305 2557 aut
318 2493 435 2559 ninuoa
445 2495 562 2559 imbres
576 2505 609 2557 et
619 2501 724 2556 cetera
734 2500 857 2556 natura
866 2492 963 2571 male,
974 2492 1018 2557 ita
1028 2491 1123 2555 lurum

125 2578 180 2641 vel
203 2577 370 2643 avaritiam
383 2578 621 2645 dominantium
634 2578 773 2642 tolerate.
816 2575 903 2644 Vitia
923 2588 1028 2660 erunt,
1041 2576 1125 2639 donec

126 2662 294 2729 homines:
315 2663 372 2728 sed
393 2681 497 2749 neque
521 2664 593 2729 heac
616 2663 779 2744 contiuua,
802 2671 836 2726 et
856 2662 1026 2729 meliorum
1048 2660 1125 2724 inter·

125 2757 226 2811 ventu
242 2758 435 2832 pensantur3
458 2749 521 2814 nisi
535 2741 626 2830 sorte,
641 2748 766 2813 Tutore
787 2757 819 2812 et
841 2747 986 2813 Classico
1009 2761 1123 2832 regnen-

126 2833 221 2916 tibns‚
232 2830 426 2900 moderatius
436 2834 609 2918 imperium
617 2833 768 2917 speratis:
783 2844 838 2899 aut
848 2833 1035 2914 minoribus,
1045 2830 1122 2915 quin

127 2938 224 3001 nunc,
240 2918 364 2984 tributis
378 2919 576 3003 parabuntur
590 2918 758 2999 exercitus,
771 2919 889 3003 quibus
905 2916 1058 2985 Germani
1070 2913 1122 2981 Ba·

126 3005 282 3090 tenuique
296 3015 474 3072 arceantur.
518 3007 604 3072 Nam
624 3004 727 3089 pulsis
742 3003 840 3091 (quod
862 3004 918 3069 Dii
941 2998 1122 3089 prohibeant)

127 3090 291 3173 Romanis,
304 3090 384 3175 quid
398 3091 497 3172 aliud,
512 3094 611 3177 quim
632 3091 717 3155 bella
736 3089 882 3155 omnium
903 3089 988 3155 inter
1011 3109 1043 3155 se
1062 3103 1121 3184 geu·

126 3177 210 3242 tium
222 3178 384 3244 existenti
428 3178 695 3265 Ootingentorum
717 3193 877 3241 annorum
899 3174 1028 3240 fortuni
1046 3173 1121 3266 disct-

125 3262 277 3347 plindque
292 3282 462 3349 compages
473 3263 542 3329 hoec
557 3260 695 3343 coaluit3
717 3281 789 3344 que
801 3260 950 3342 convelli,
961 3262 1029 3326 sine
1041 3258 1121 3322 crito

126 3347 385 3428 convellentium,
400 3368 468 3413 non
487 3358 597 3433 potest
641 3346 706 3411 Sed
720 3345 811 3412 vobis
832 3345 1014 3411 maximum
1032 3338 1121 3409 disoi·
1167 3403 1169 3444 ἡ

125 3451 209 3511 men,
238 3449 336 3514 penes
365 3451 447 3514 quos
472 3453 589 3498 aurum
616 3442 649 3497 et
676 3452 761 3516 opos,
786 3432 954 3518 praecipua
982 3431 1120 3496 bellorum
1168 3465 1169 3472 κ

126 3535 243 3580 cause.
286 3513 424 3578 Proinde
438 3536 551 3598 paoem
563 3529 595 3581 et
608 3518 730 3596 urbem,
741 3537 839 3602 quam
848 3517 927 3582 vieti
941 3516 1120 3605 victoresqm

125 3599 238 3666 eodem
247 3597 322 3682 jure
334 3598 525 3684 obtinemus,
540 3612 654 3685 emate,
669 3601 774 3668 colite.
816 3602 973 3669 Moneant
986 3619 1042 3667 vos
1059 3608 1119 3664 utu
