2392 4050
121 201 194 288 148‘
464 224 500 289 Ο.
516 225 628 290 Gonu.
645 223 782 290 'I'scrnr
939 226 989 314 [Δ.
1003 226 1039 290 U.
1051 224 1118 289 822.

114 396 204 548 {nomi
218 396 300 462 inire
314 373 462 480 praelium
476 416 546 463 mos
559 408 616 478 est,
630 397 818 464 mixtibelli
832 397 940 464 uirilis
952 398 1122 482 externique
1175 431 1176 436 .

149 482 198 547 eie
223 484 315 547 obsta
367 492 496 550 eeerant
518 485 681 549 obsmsos:
710 494 742 547 et
766 504 857 567 spem
880 486 1121 572 oppugnantium

116 569 255 655 augebat
268 569 445 652 amplitudo
467 571 554 651 ualli,
569 569 666 653 quod,
681 569 807 633 duabus
830 570 1010 656 legionibus
1029 573 1123 649 situm,

116 654 175 718 vix
197 655 341 738 quinque
356 655 459 719 millia
473 668 670 722 armatorum
691 656 873 722 tuebantur.
917 656 983 720 Sed
997 657 1123 720 lixarum

116 739 301 890 inquinando,
315 740 442 805 turbati
456 761 535 826 paee
550 742 630 808 illue
642 751 843 828 congregata,
856 752 888 806 et
897 741 983 808 bello
994 742 1124 808 ministra

115 846 136 891 a
159 837 234 892 erat.

159 911 290 976 XXIII.
313 911 595 989 penestrinam,
618 912 653 976 in
668 912 785 976 eollern
800 911 915 976 leniter
937 930 1121 1009 exsurgens3

115 1016 189 1083 pars
203 1016 294 1079 aequo
307 996 473 1061 adibatur:
496 998 624 1081 quippe,
647 997 713 1061 illis
737 998 891 1081 hybernis
916 997 1051 1062 obsideri
1065 1016 1124 1080 pre-

115 1082 223 1166 mique
240 1082 441 1162 Germanias,
457 1084 628 1169 Augustus
642 1082 840 1149 crediderat:
862 1103 969 1167 neque
990 1103 1124 1167 unquam

114 1167 149 1232 id
164 1169 331 1251 melonum,
345 1177 382 1232 ut
402 1179 626 1255 oppugnatum
646 1169 732 1232 ultrd
747 1168 890 1254 legiones
903 1179 1029 1233 nostras
1046 1168 1125 1232 veni-

114 1262 194 1318 rent.
238 1253 319 1319 Inde
332 1272 399 1319 non
421 1256 502 1335 loeo,
517 1273 624 1338 neque
649 1254 859 1319 munimentis
880 1254 970 1324 labor
990 1253 1123 1331 additus:

113 1338 164 1404 vis
184 1349 217 1403 et
242 1358 332 1404 arma
350 1340 425 1404 satis
450 1341 628 1423 placebant.
671 1339 788 1404 Batavi
814 1340 1124 1423 Transrhenanique,

113 1425 179 1510 qud
193 1425 331 1489 discreta
346 1425 450 1489 virtus
466 1425 664 1491 manifestius
686 1434 893 1509 spectaretur,
915 1426 977 1490 sibi
1002 1443 1125 1509 quaeque

112 1529 193 1596 gens
208 1509 397 1590 condatum,
412 1510 541 1576 eminus
555 1512 756 1576 lacessentes.
801 1511 886 1592 Post,
906 1512 963 1575 ubi
984 1513 1125 1594 pleraque

112 1597 252 1662 telorum
266 1596 408 1661 turribus
422 1596 595 1680 pinnisque
616 1597 776 1662 moenium
789 1598 879 1662 irrita
903 1596 1078 1677 haerebant,
1098 1605 1124 1659 et

112 1681 249 1767 desuper
263 1682 351 1747 saxis
366 1683 631 1763 vulnerabantur,
645 1684 784 1748 elamore
799 1692 895 1766 atque
904 1682 1032 1766 ,impetu
1048 1683 1126 1747 inva-

110 1768 183 1833 sere
197 1770 332 1848 vallum,
347 1768 498 1851 appositis
512 1768 658 1853 plerique
679 1768 785 1849 scalis,
801 1767 856 1833 alii
871 1788 927 1852 per
942 1768 1124 1834 testudinem

111 1874 268 1920 suorum:
290 1854 551 1937 scandebantque
569 1852 639 1934 jam
652 1853 795 1938 quidam,
812 1856 895 1932 oiim,
910 1853 1029 1941 gladiis
1044 1865 1075 1919 et
1085 1872 1124 1916 ar·

112 1960 240 2008 morum
262 1940 395 2005 incussu
421 1939 617 2028 precipitati,
640 1939 776 2003 sudibus
800 1950 833 2003 et
854 1940 929 2023 pilis
943 1940 1123 2017 obruuntur,

111 2026 301 2110 preferoees
315 2027 408 2090 initio
423 2036 454 2089 et
468 2028 565 2091 rebus
578 2026 729 2091 secundis
743 2024 847 2090 nimii.
890 2026 957 2092 Sed
970 2037 1044 2091 tum
1056 2045 1124 2109 pre

112 2112 161 2175 dae
172 2111 325 2195 cupidine
337 2111 473 2175 adversa
482 2131 613 2194 quoque
623 2112 811 2175 tolerabant.
850 2111 1123 2188 Machinasetiam,

111 2197 279 2261 insolitum
291 2194 362 2276 sibi,
378 2195 466 2261 ausi:
489 2199 631 2261 neeulla
640 2197 718 2280 ipsis
729 2197 879 2281 solertia:
901 2197 1049 2282 perfugae
1063 2214 1123 2278 cap

112 2281 234 2365 rivique
248 2280 404 2345 docebant
418 2291 540 2347 struere
554 2283 704 2349 materias
719 2282 753 2345 in
769 2282 903 2347 modum
918 2285 1036 2365 pontis,
1058 2298 1123 2347 mox

110 2367 263 2448 subjectis
285 2367 363 2431 rotis
377 2368 574 2450 propellere:
597 2379 635 2431 ut
657 2368 712 2432 alii
731 2379 957 2451 superstantes,
981 2382 1122 2451 tanquam

111 2474 153 2519 ex
178 2457 303 2540 aggere,
320 2453 556 2535 praeliarentur3
579 2472 655 2536 pars
668 2455 756 2517 intus
783 2455 903 2519 occulti
927 2473 1040 2518 muros
1060 2451 1123 2515 sub

110 2553 248 2604 ruerent.
291 2538 357 2603 Sed
365 2558 503 2603 excusse
512 2538 635 2603 balistis
647 2559 726 2604 saxa
736 2543 876 2605 stravere
886 2537 1024 2604 informe
1033 2555 1122 2622 opus:

110 2635 142 2689 at
157 2636 257 2690 crates
271 2625 447 2706 vineasque
460 2625 647 2708 parantibus
663 2624 784 2689 adactae
805 2624 973 2690 tormentis
987 2624 1122 2689 ardentes

111 2711 230 2774 hastae:
253 2710 403 2793 ultrbqua
418 2709 479 2792 ipsi
505 2720 741 2794 oppugnatores
767 2713 897 2797 ignibus
923 2711 1121 2793 petebantur;

110 2797 223 2876 donee,
238 2794 403 2879 desperati
421 2795 465 2874 vi,
480 2805 640 2860 verterent
662 2796 836 2860 eonsilium
856 2796 899 2861 ad
914 2816 1029 2876 moras,
1046 2791 1122 2858 baud

109 2883 215 2970 ignari
228 2900 407 2966 paucorum
421 2879 548 2949 dierum
567 2880 671 2945 inesse
694 2882 847 2946 alimenta
870 2893 902 2946 et
919 2883 1061 2947 multum
1073 2879 1122 2941 ina

110 2967 203 3035 bellis
217 2969 330 3033 tnrbae.
372 2967 481 3033 Simul
501 2987 543 3032 ex
558 2966 668 3049 inopini
681 2967 818 3050 proditio
832 2979 864 3033 et
876 2967 968 3032 fluxa
989 2965 1120 3032 servitio·

111 3075 185 3121 rum
198 3054 278 3121 fidas
294 3074 332 3118 ae
344 3053 474 3121 fortuita
488 3054 564 3117 belli
574 3054 795 3136 sperabantur.

152 3141 279 3206 XXIV.
303 3141 442 3205 Flaccus
456 3138 594 3218 interim,
609 3139 739 3224 cognito
759 3151 939 3204 aestrorum
951 3136 1081 3213 obsidio,
1093 3139 1118 3227 et

109 3226 215 3291 missis
229 3244 286 3307 per
302 3227 434 3306 Gallias,
449 3226 506 3308 qui
521 3222 834 3304 auxiliaooneirent,
850 3225 949 3288 lectos
963 3244 983 3287 e
997 3222 1118 3308 legioni-

108 3313 170 3375 bus
186 3310 288 3374 Dillio
297 3311 439 3389 Voculae,
447 3309 718 3375 duodevicesimae
731 3309 868 3396 legionis
882 3311 1013 3395 Legum,
1025 3303 1114 3379 tradit,

108 3406 145 3459 ut
158 3396 257 3478 quim
275 3395 430 3461 maximis
454 3415 511 3477 per
534 3394 639 3478 ripam
661 3394 828 3460 itineribus
853 3396 1013 3459 celeraret.
1056 3393 1116 3472 lpse

107 3478 253 3564 pavidus,
266 3479 431 3542 invalidus
444 3498 583 3561 corpore,
595 3479 722 3544 invisus
730 3481 891 3544 militibus
904 3504 912 3546 :
927 3473 1114 3562 nequeenim

108 3563 257 3647 ambigue
272 3562 457 3641 fremebant,
484 3563 636 3626 ‘emissas
660 3585 679 3627 a
702 3567 907 3649 Mogontiaco
931 3565 1112 3628 Batavorum

107 3648 261 3725 cohortes,
276 3645 494 3711 dissimulatos
506 3647 623 3711 Civilis
634 3659 778 3728 conatus,
790 3651 887 3715 asciri
898 3651 931 3714 in
944 3651 1114 3714 societatem

106 3731 305 3795 Germanos:
327 3748 394 3797 non
410 3730 511 3797 Primi
525 3732 670 3814 Antonii,
686 3752 790 3819 neque
806 3736 964 3819 Muciani,
978 3754 1041 3821 ope
1053 3730 1116 3796 les
