2392 4050
83 177 126 244 68
427 177 745 256 O.Cosu.'1'acrrr
850 241 854 250 ,
902 178 953 266 [Α.
970 178 1011 244 U.
1026 179 1104 244 822.

82 351 137 417 hic
152 369 281 417 meeum
291 350 428 431 animus,
442 362 597 435 tanquam
607 351 740 434 perituri
750 369 807 434 pro
818 370 869 416 me
880 350 1023 434 fueritis3
1046 352 1104 417 sed

81 448 148 503 este
173 437 376 523 superstites:
399 456 460 501 nec
488 438 554 513 diu,
568 447 739 517 moremur,
765 455 825 521 epo
847 439 1104 503 incolumitatem

81 535 231 606 vestram,
245 524 525 588 voseonstantiam
535 543 653 587 meam.
681 523 781 587 Plura
790 521 831 586 de
840 524 1013 587 extremisl
1056 525 1091 588 ui

80 629 155 695 pars
170 607 308 693 ignavie
319 618 385 672 est:
401 609 599 693 precipuum
608 606 830 672 destinationis
840 629 917 673 meae
929 544 1139 708 docum
1156 653 1158 656 -

81 707 153 764 tum
167 696 289 775 habete,
302 694 390 777 quod
412 693 451 757 de
465 693 595 758 nemine
615 713 749 777 querort
771 714 849 758 nam
861 696 1012 759 incusare
1025 695 1106 759 deos

81 784 135 847 vel
151 781 306 859 homines,
322 779 391 860 ejus
402 791 459 860 est,
473 781 530 863 qui
541 780 652 843 vivere
664 781 759 844 velit’

125 866 279 931 XLVIII.
302 865 402 929 Talia
411 865 548 946 locutus,
559 875 595 929 ut
606 866 724 948 cuique
738 876 812 931 aetas
824 877 879 929 aut
890 864 1041 950 dignitas,
1051 886 1106 931 co·

81 953 175 1018 miter
190 952 373 1034 appellatos,
388 953 487 1016 ‘irent
503 952 645 1035 propere,
660 970 725 1016 neu
737 950 931 1015 remanendo
941 952 1026 1017 iram
1036 954 1108 1017 vla-

80 1038 158 1101 toris
167 1038 370 1119 asperarent,'
380 1035 517 1117 juvenes
527 1035 723 1116 auctoritate,
735 1056 827 1099 senes
836 1038 983 1122 precibus
994 1058 1106 1102 move·
1179 1049 1180 1118 l

80 1124 149 1187 bat:
166 1122 311 1208 placidus
326 1141 389 1203 ore,
402 1122 580 1205 intrepidus
590 1123 706 1202 verbis
717 1122 955 1205 intempestivas
967 1143 1106 1188 suorum
1179 1141 1180 1178 f

67 1211 241 1292 ‘lacrymas
254 1212 415 1273 coercens.
460 1209 558 1272 ‘Dari
572 1228 672 1271 naves
687 1228 725 1271 ec
737 1208 898 1272 vehicula’
910 1209 1107 1273 abeuntibus
1178 1217 1179 1266 l

77 1295 186 1376 jubet:
202 1291 327 1358 libellos
341 1294 562 1377 epistolasque,
573 1294 680 1357 studio
691 1313 768 1379 erga
778 1313 812 1356 ae
823 1305 878 1357 aut
889 1294 921 1356 in
932 1294 1106 1359 Vitellium

80 1379 283 1447 contumeliis
304 1379 457 1465 insignes,
480 1380 603 1442 abolet:
625 1380 778 1462 pecunias
800 1380 971 1458 distribuit,
994 1382 1105 1463 perce,

80 1485 140 1530 nec
154 1479 192 1531 ut
206 1465 377 1549 periturus.
420 1465 500 1529 Mox
515 1465 665 1529 Salvium
680 1463 905 1546 Cocceianum,
921 1464 1027 1529 fratris
1042 1467 1105 1530 fili·
1178 1489 1179 1522 ι

79 1571 147 1632 um,
173 1552 276 1636 prima
287 1550 432 1631 juventi,
447 1550 607 1633 trepidum
621 1561 653 1614 et
668 1561 864 1629 maerentem,
880 1550 964 1635 ultpd
978 1554 1104 1616 solatus
1173 1543 1179 1566 ¹

80 1648 136 1719 est,
160 1636 321 1700 laudando
346 1637 520 1720 ‘pietatem'
537 1635 617 1716 ejus,
641 1635 824 1721 castigando
846 1636 1073 1702 ‘formidinem
1087 1639 1107 1701 :⁷

81 1729 141 1787 ‘an
157 1722 323 1788 Vitellium
338 1732 402 1786 tam
424 1721 555 1786 immitis
571 1722 670 1785 animi
694 1722 769 1804 sore,
792 1731 837 1801 ut,
861 1742 918 1805 pro
941 1723 1104 1787 incolumi

80 1809 146 1873 tota
155 1809 261 1890 domo,
272 1827 314 1871 ne
328 1810 413 1872 hanc
427 1807 559 1893 quidem
572 1807 632 1871 sibi
647 1807 782 1893 gratiam
796 1806 962 1872 redderet?
986 1810 1103 1873 mereri

80 1915 114 1958 se
129 1893 380 1980 festinatoexitu
395 1894 597 1959 clementiam
612 1893 767 1956 victoris.'
796 1893 870 1957 Non
883 1893 970 1957 eninr
982 1894 1103 1957 ultima

79 1981 307 2066 desperatione,
330 1978 385 2044 sed
409 1990 558 2063 poscente
584 1980 736 2062 paralium
761 1979 916 2059 exercitu,
939 1979 1105 2044 remisisse

79 2067 277 2150 Reipublioae
293 2065 506 2129 novissimum
520 2085 641 2128 casum.
686 2064 768 2129 Satis
782 2065 843 2128 sibi
859 2063 1008 2144 nominis,
1025 2067 1101 2130 satis

79 2152 213 2236 posteris
230 2153 297 2217 suis
312 2150 486 2214 nobilitatis
508 2150 696 2232 quaesitum:
719 2161 788 2234 post
803 2150 915 2230 Iulios,
932 2151 1104 2232 Claudios,

80 2237 217 2318 Servios,
240 2256 274 2300 se
288 2236 425 2321 primum
439 2236 474 2300 in
497 2236 653 2300 familiam
676 2255 795 2301 novam
817 2234 993 2318 Imperium
1015 2237 1104 2305 intu-

78 2324 172 2388 lisse:
194 2321 328 2406 proinde
342 2331 447 2385 erecto
463 2321 570 2387 animo
586 2333 761 2405 capesseret
776 2322 886 2400 vitam,
901 2340 976 2401 nen,
988 2333 1101 2403 patru-

79 2428 137 2472 um
149 2408 210 2471 sibi
226 2408 388 2499 chonem
400 2406 508 2488 fuisse,
530 2418 586 2471 aut
600 2407 842 2474 oblivisceretur
861 2426 1019 2490 unquam,
1044 2418 1103 2473 aut

79 2493 214 2561 nimium
229 2492 444 2558 meminisset!
689 2504 691 2510 “

34 2564 248 2681 bssssaXLlX.
271 2579 443 2663 Postque,
457 2576 586 2655 dimotis
600 2578 904 2662 omnibus,pauli1m
918 2577 1103 2661 requievit:

13 2660 61 2786 pil
79 2674 174 2748 atque
184 2666 286 2745 illum,
296 2683 460 2746 supremas
465 2662 534 2743 jam
544 2684 638 2727 curas
649 2666 755 2729 animo
762 2667 970 2743 volutantem,
981 2683 1102 2748 repens

50 2764 52 2768 “
78 2753 237 2816 turnultus
252 2751 374 2828 avertit,
389 2749 537 2812 nuntiati
551 2751 807 2814 consternatione
822 2768 858 2815 ac
870 2750 999 2814 licentii
1015 2751 1103 2821 mili·
1172 2804 1177 2811 .

78 2849 166 2901 tum:
188 2855 328 2919 namque
344 2835 534 2900 abeuntibus
548 2836 684 2900 exitium
695 2837 941 2918 minitabantur;
965 2839 1102 2901 atrocis·

78 2923 159 2987 simei
182 2923 217 2986 in
232 2924 295 2992 Ver
318 2921 423 2986 iulum
443 2921 486 2999 vi,
508 2941 614 3004 quem,
638 2922 748 2985 clausi
770 2921 874 2999 domo,
897 2921 1100 2987 obsidebant.

79 3008 246 3092 Increpitis
260 3028 276 3070 s
318 3007 426 3072 itionis
440 3006 633 3086 auctoribus,
650 3006 961 3093 regressus,vacav-it
976 3008 1102 3072 obeun-

78 3095 162 3158 tium
174 3094 333 3176 alloquiis,
345 3094 447 3157 donee
458 3112 568 3157 omnes
579 3092 727 3158 inviolati
738 3092 987 3180 digrederentur.
1019 3095 1101 3158 Ves-

77 3191 259 3263 perascente
282 3180 343 3257 die,
365 3177 451 3242 sitim
473 3179 590 3242 haustu
614 3178 728 3265 gelidae
750 3199 839 3262 aque
861 3177 1001 3242 sedavit:
1025 3188 1098 3243 tum

78 3264 184 3331 allatis
203 3264 399 3351 pugionibus
422 3263 557 3345 duobus,
586 3267 661 3330 clim
685 3274 856 3348 utrumque
877 3263 1100 3347 pertenuisset,

78 3352 215 3416 alterum
228 3349 324 3433 capiti
339 3347 480 3412 subdidit
491 3372 503 3427 ιΙ
521 3359 552 3413 et
573 3353 745 3434 explorato,
762 3348 830 3431 jam
843 3347 1000 3432 profectos
1016 3350 1100 3414 ami·

78 3454 142 3514 cos,
166 3448 294 3499 noctem
315 3434 465 3518 quietam,
488 3444 587 3516 utque
613 3436 798 3515 affirmatur,
822 3455 887 3499 non
910 3434 1099 3500 insomnem

76 3520 151 3604 egit
195 3520 285 3583 Luce
299 3517 410 3603 primi,
425 3518 459 3581 in
474 3517 593 3584 ferrum
615 3531 741 3604 pectore
766 3520 921 3586 incubuit.
964 3518 1016 3583 Ad
1043 3540 1099 3606 ge-

76 3604 193 3667 mitum
213 3602 375 3668 morientis
389 3602 523 3688 ingressi
548 3606 652 3670 liberti
667 3606 815 3688 servique
836 3621 868 3671 et
883 3606 1007 3670 Plotius
1022 3607 1099 3671 Fir-

77 3705 159 3777 mus,
171 3688 315 3753 Pretorii
326 3685 507 3770 Praefectus,
517 3709 624 3757 unum
634 3694 757 3758 vulnus
767 3692 930 3758 invenere
973 3693 1098 3759 Funus
