2392 4050
100 281 167 348 266
449 279 488 346 C.
506 277 620 345 cus.
643 275 782 345 'l'serrr

100 452 213 534 losque
223 450 327 517 tontes
338 448 456 516 serant:
471 469 530 516 uec
541 450 697 515 inunum
706 450 794 516 ultra
804 459 836 515 et
848 448 1012 517 iubricum
1022 448 1123 516 iorum

101 534 286 618 famamque
300 537 476 618 psilentcm
491 533 636 618 trepidus
655 536 813 618 experiar.
858 535 936 600 Nou
957 556 1010 600 ms
1024 535 1124 600 fremi-

100 629 154 683 tus
165 619 457 700 salutantium,nec
471 620 630 683 anhelans
641 619 924 687 libertuscxcitet:
946 639 1017 700 uec,
1028 622 1123 685 incer-

101 713 155 766 tus
177 701 291 783 futuri,
305 712 530 769 tastamentum
553 722 612 785 pro
625 704 759 799 pignore
787 706 946 773 scribam:
968 724 1029 770 uec
1053 706 1125 787 pius

101 785 250 865 habeam,
264 792 364 868 quim
376 788 465 868 qnod
478 789 609 870 possim,
624 805 679 851 cur
692 788 804 869 veiim,
825 790 1016 871 relinquere,
1028 807 1125 871 quau·

100 868 286 951 documqua
300 868 404 932 fatalis
417 880 449 931 ct
462 888 556 933 mens
568 871 637 936 dies
651 872 779 938 renistr
792 882 981 957 statuarque
991 873 1124 951 tumulo,

100 972 168 1019 nou
182 963 314 1017 moestus
326 961 359 1014 ct
372 960 474 1029 atrox,
488 953 545 1013 sed
560 953 721 1021 hiluriset
735 969 926 1022 coronatus:
947 968 980 1022 st
994 977 1050 1043 pro
1061 975 1123 1021 me·

101 1036 205 1103 morit
221 1035 284 1099 mai
300 1034 913 1128 nccoonsuistquisquam,necroget
1126 1053 1133 1065 ‘

145 1120 239 1185 XIV.
261 1117 405 1197 Vixdum
427 1116 555 1181 finierat
580 1115 759 1203 Maternus,
780 1126 963 1191 concitatus
986 1137 1020 1190 ct
1038 1124 1127 1191 vetut

36 1248 40 1256 ·
100 1202 285 1285 hstinctus,
306 1207 382 1268 curn
402 1201 579 1284 Vipstanus
605 1199 748 1266 nessa
769 1209 960 1275 cubiculum
980 1209 1053 1291 cim
1080 1210 1126 1275 iu·

96 1308 228 1376 pressus
241 1298 300 1368 est,
314 1288 561 1371 suspicatusque
576 1303 619 1348 ex
634 1284 704 1368 ipsi
718 1286 896 1354 intentione
910 1293 1125 1378 singulorum,

100 1374 249 1437 altiorem
262 1371 347 1436 intas
360 1392 415 1437 eos
429 1389 501 1434 csse
511 1387 712 1433 sermonem:
736 1370 828 1437 Num
841 1391 958 1454 parum
971 1376 1126 1458 tempesti-

101 1475 173 1537 vus,
187 1454 304 1602 inpnit,
318 1455 486 1534 interveni,
500 1463 661 1518 secretum
674 1455 851 1521 consilium
864 1465 897 1521 et
910 1475 1017 1522 causes
1032 1460 1127 1523 alicu

97 1536 154 1622 jus
168 1559 219 1604 me
243 1539 410 1606 tutionem
424 1537 663 1604 tractantibus?

145 1623 293 1705 Minime,
308 1625 458 1705 minime,
480 1621 588 1705 inquit
602 1619 787 1703 Secundus,
809 1632 905 1708 atque
917 1620 1003 1689 aded
1014 1625 1130 1691 veliem

101 1710 259 1775 maturius
274 1710 519 1775 intervenisses:
538 1706 828 1772 uelcctmsctenim
842 1722 873 1771 te
886 1717 919 1772 et
929 1707 1014 1804 Apri
1029 1709 1124 1773 nostri

101 1794 366 1861 accuratissimus
376 1812 491 1873 sermo,
505 1792 582 1857 etim
592 1792 789 1874 Maternum,
802 1804 840 1859 ut
849 1811 948 1857 omna
962 1792 1129 1878 ingenium

101 1896 140 1942 ac
155 1879 302 1943 studium
320 1897 420 1943 suum
434 1878 475 1942 ad
489 1896 606 1942 causas
628 1876 771 1960 agendus
785 1888 995 1956 converteret,
1018 1876 1128 1943 exhor·

8 2017 9 2027 ,
100 1971 187 2027 tutus
202 1973 259 2043 est,
274 1974 306 2028 et
319 1963 457 2029 Materni
472 1980 531 2044 pro
546 1962 749 2028 carminibus
762 1962 832 2026 suis
843 1964 926 2042 leta,
941 1971 1044 2046 utque
1057 1963 1126 2046 poi-
1189 2000 1190 2021 t

8 2070 9 2079 ¹
102 2057 153 2113 tas
175 2046 306 2112 defendi
321 2049 464 2128 decebat,
487 2046 667 2129 audentior,
687 2058 722 2112 et
731 2051 902 2133 poitarum
914 2048 1016 2131 quim
1032 2057 1126 2112 orato
1188 2093 1189 2122 ,

103 2149 181 2197 sum
195 2132 343 2212 similior,
357 2135 468 2198 oratio.
1187 2169 1188 2226 p

143 2216 199 2280 Me
210 2216 297 2295 verti,
312 2217 428 2300 inquit,
442 2228 475 2280 et
488 2235 595 2281 sermo
609 2215 678 2299 ipss
693 2216 822 2282 infiniti
832 2215 999 2298 voluptate
1010 2213 1124 2279 affacis
1186 2257 1187 2326 p

8 2328 9 2341 ¹
100 2310 158 2381 set,
171 2309 268 2383 utque
282 2299 316 2365 id
330 2302 440 2388 ipsum
453 2301 599 2381 delectat,
614 2300 702 2385 qnod
718 2321 786 2381 sos,
801 2300 864 2366 viri
878 2300 991 2383 optimi
1006 2310 1038 2363 ct
1050 2310 1121 2362 tem·

100 2403 218 2470 porum
229 2397 414 2451 nostrorum
425 2395 577 2466 oratores,
588 2405 656 2450 non
666 2385 849 2451 forensibus
858 2386 983 2450 nutum
993 2382 1121 2469 negotiis
1185 2353 1186 2428 i

101 2480 134 2535 at
155 2469 385 2538 declamatorio
399 2470 507 2536 studio
525 2470 659 2557 ingenis
671 2481 778 2535 vastus
790 2470 956 2550 exercetis,
977 2469 1033 2534 sed
1047 2466 1121 2549 ejus·
1184 2475 1185 2530 t

101 2554 189 2622 modi
214 2554 311 2619 etiam
333 2555 566 2638 disputationes
591 2554 779 2652 adjungitis,
801 2574 874 2639 qua
902 2565 935 2618 ct
960 2553 1121 2640 ingenium

100 2640 203 2717 siunt,
218 2649 250 2701 et
263 2639 455 2704 eruditionis
468 2648 500 2703 et
515 2641 682 2705 literanum
700 2640 980 2721 jucundissimum
993 2638 1120 2702 obiecta-

100 2732 257 2801 mentum,
272 2726 347 2787 sinn
356 2723 458 2803 vobis,
469 2725 526 2807 qni
536 2726 593 2789 iiis
604 2724 784 2809 disputatis,
794 2723 940 2803 afferunt,
955 2721 1120 2790 tumetium

101 2804 163 2884 his,
187 2805 383 2888 adquorum
397 2827 491 2871 sures
510 2810 728 2892 pervenerint
772 2810 884 2891 tuque
906 2810 1047 2874 Hercule
1060 2822 1120 2869 nou

100 2890 211 2962 minus
226 2887 355 2974 probari
369 2891 464 2956 video
479 2891 512 2955 in
529 2904 570 2974 te,
592 2892 755 2973 Secunde,
779 2894 877 2975 quiid,
899 2892 982 2958 Julii
995 2889 1119 2956 Asiatici

100 2974 204 3040 vitum
218 2975 452 3060 componendo,
468 2996 558 3060 sporn
571 2978 759 3043 hominibus
769 2978 871 3043 fecisti
886 2977 1032 3061 plurium
1044 2975 1119 3056 ejus

99 3059 189 3123 modi
205 3062 370 3141 librorum,
393 3068 494 3144 quum
507 3061 541 3125 in
559 3065 659 3146 Apro,
680 3063 768 3146 qudd
790 3062 939 3127 nondum
953 3083 974 3125 a
987 3060 1118 3126 scholas

99 3142 173 3208 ticis
182 3146 410 3212 controversiis
421 3146 560 3227 recessit,
571 3159 604 3211 et
615 3148 719 3212 otium
729 3167 828 3213 suum
837 3148 1120 3212 mavtdtnovoruut

99 3226 269 3295 rhetorum
282 3250 380 3309 more,
394 3232 493 3313 quim
507 3243 653 3297 veterum
668 3245 843 3312 oratorum,
858 3248 1056 3297 consumere.

144 3312 216 3377 XV.
240 3316 333 3379 Tum
347 3317 455 3398 Aper:
478 3316 553 3380 Non
567 3317 700 3397 desinis,
718 3318 868 3397 Messala,
881 3326 991 3382 vetera
1004 3314 1117 3378 tannim

100 3405 133 3457 st
147 3398 279 3478 autiqus
290 3399 409 3478 mirsn,
424 3409 610 3466 nostrorum
623 3413 731 3467 nutem
743 3412 924 3485 temporum
937 3399 1045 3466 studia
1057 3397 1116 3461 irri-

98 3475 175 3539 dere
200 3492 296 3560 utque
320 3487 552 3548 contemnere?
605 3486 692 3550 Num
714 3487 806 3551 hunc
829 3497 925 3551 tuum
946 3500 1115 3550 ,ermonem

98 3561 186 3655 saepe
197 3563 321 3643 excepi,
337 3565 419 3641 cnm,
435 3565 555 3630 oblitus
569 3578 602 3631 et
616 3580 681 3634 tuse
692 3581 727 3634 et
741 3570 847 3635 fratris
861 3571 909 3634 tui
923 3567 1113 3651 eloquentia,

98 3654 265 3727 nemmem
278 3645 342 3710 hoc
356 3657 497 3728 tempore
511 3662 673 3717 oratorem
693 3674 765 3718 esse
779 3654 990 3719 contenderes
1002 3675 1010 3716 :
1030 3662 1114 3733 atque

99 3716 195 3800 us,
217 3726 314 3790 “³1¹⁰
329 3728 491 3812 wiron
512 3734 601 3816 quud
622 3737 836 3824 mugnus
858 3737 1112 3823 optumus
