2392 4050
126 233 190 299 116
477 232 514 298 O.
531 235 642 301 Corin.
659 233 797 303 Tacrrr
952 237 1003 325 [A.
1014 234 1120 302 [1822.

121 405 193 471 neri
208 405 364 491 presidiis
383 409 593 492 Apenninum
608 410 777 499 rebantur:
798 418 832 473 et
845 406 946 491 ipsos,
963 407 998 472 in
1012 410 1119 495 regione

122 492 208 558 bello
224 494 339 575 attrita,
360 495 470 579 inopia
484 506 516 559 et
536 494 695 560 seditiosa
710 494 960 561 militumvoces
974 498 1119 572 terrebant,

124 580 316 646 clavarium
339 580 571 667 flagitantium:
595 600 656 645 nec
675 581 849 664 pecuniam
869 589 925 644 eut
947 580 1120 644 frumentun

123 662 349 748 providerant:
371 676 404 731 et
433 666 592 731 festinatio
619 677 715 750 atque
739 665 876 730 aviditas
897 666 1120 750 praepediebant,
1169 760 1170 767 ἵ

122 749 203 815 dum
217 768 288 834 quae
303 751 406 837 accipi
421 763 575 836 poterant,
591 753 770 835 rapiuntur.

166 835 222 911 LL
246 836 476 903 Celeberrimos
502 847 650 903 auctores
678 838 790 916 habeo,
819 846 942 901 tanum
966 836 1120 901 victoribus

122 920 275 986 1111111111
289 920 338 987 saa
359 922 513 1006 nefasque
536 923 776 989 irreverentiam
797 920 904 1002 fuisse,
926 932 963 986 ut
977 921 1120 1008 gregarius

122 1024 230 1089 eques,
242 1008 387 1073 occisum
401 1027 476 1091 ase,
491 1007 726 1093 proximitatis,
740 1005 870 1072 fratrem
881 1008 1048 1091 professus,
1060 1027 1120 1090 pra

123 1091 227 1157 mium
248 1113 268 1157 a
287 1093 434 1159 Ducibus
459 1094 591 1178 petierit
637 1095 706 1161 Nec
731 1094 798 1157 illis
820 1104 877 1156 aut
898 1093 1052 1158 honorare
1065 1111 1120 1156 ean

122 1176 245 1245 cedern
262 1176 316 1260 jus
331 1179 504 1259 hominem,
515 1189 583 1245 aut
597 1180 714 1246 ulcisci
729 1180 809 1243 ratio
824 1179 911 1260 belli,
932 1179 1120 1263 permittebat
1165 1232 1168 1265 ,

124 1262 334 1345 Distuleront,
348 1276 504 1349 tanquam
517 1264 640 1347 majora
662 1265 821 1344 meritum,
835 1266 1020 1348 qubmquae
1033 1263 1121 1328 statim
1164 1278 1168 1305 ¹

122 1349 386 1423 exsolverentur:
417 1351 676 1436 necquicquam
694 1354 781 1417 ultra
803 1350 949 1415 traditur.
993 1351 1121 1416 Ceterum

123 1444 156 1498 et
168 1433 328 1518 prioribus
342 1434 465 1500 civium
477 1436 570 1502 bellis
582 1457 640 1520 par
652 1439 758 1502 scelus
772 1435 928 1500 inciderat
941 1459 948 1519 3
971 1455 1046 1499 nam
1058 1454 1122 1518 pra

124 1516 178 1599 lio,
193 1538 259 1602 quo
274 1520 361 1606 apud
376 1521 565 1587 Ianiculum
575 1522 726 1587 adversus
738 1522 880 1587 Cinnam
890 1533 1065 1606 pugnatum
1077 1529 1121 1600 eat

28 1674 29 1689 χ
123 1604 340 1688 Pompeianus
353 1607 445 1672 miles
462 1605 593 1685 fratrem
608 1626 715 1688 suurn,
736 1607 821 1688 dein,
843 1607 973 1692 cognito
988 1606 1120 1684 facinore,

122 1690 267 1773 seipsum
277 1691 444 1775 interfecit,
458 1704 496 1757 ut
506 1692 646 1772 Sisenna
656 1709 827 1758 memorat:
842 1693 930 1756 tantb
942 1693 1042 1756 acrior
1052 1689 1122 1775 apud
1164 1704 1168 1731 ⁸

122 1775 268 1858 majores,
288 1778 375 1843 sicut
396 1777 569 1843 virtutibus
590 1778 703 1864 gloria,
725 1780 770 1842 ita
792 1777 921 1879 flagitiis
943 1777 1120 1862 poenitentia,

123 1861 196 1927 fuit.
239 1863 304 1928 Sed
317 1863 854 1947 haecaliaqueexveterimemoria
868 1864 976 1946 petita,
990 1863 1120 1946 quotiens
1165 1872 1168 1881 '

123 1968 175 2014 res
188 1950 344 2034 locusque
356 1951 504 2033 exempla
516 1949 603 2033 recti,
617 1961 674 2014 aut
687 1950 803 2014 solatia
817 1949 904 2033 mali,
919 1960 1036 2034 poscet,
1049 1944 1120 2012 haud

124 2035 261 2100 absurde
273 2035 529 2101 memorabimus.
856 2087 858 2092 ⁴

167 2121 239 2185 LII.
261 2121 414 2194 Antonio,
431 2121 642 2204 Ducibusque
655 2120 805 2204 partium,
828 2120 992 2205 ‘praemitti
1006 2120 1119 2203 equites,

123 2193 315 2288 omnemque
329 2206 496 2290 Umbriam
509 2208 678 2291 explorari’
693 2208 822 2292 placuit,
838 2207 884 2271 ‘si
898 2207 964 2291 quia
975 2203 1119 2290 Apennini

119 2290 201 2376 juga
222 2292 410 2355 clementius
436 2293 620 2356 adirentur:
652 2291 748 2358 acciri
776 2293 899 2376 aquilas
925 2292 1076 2378 signaque
1095 2303 1120 2351 et

122 2376 278 2461 quicquid
289 2378 424 2463 Veronae
440 2378 578 2443 militurn
589 2377 688 2441 soret:
711 2376 898 2462 Padumque
907 2387 939 2441 et
955 2399 1040 2443 mare
1050 2395 1119 2441 conr·

123 2463 280 2529 meatibus
305 2463 476 2547 compleri)
521 2464 626 2529 Erant
646 2464 729 2528 inter
754 2465 872 2544 Duces,
894 2463 952 2547 qui
976 2469 1118 2528 necterent

124 2568 248 2614 moras:
280 2549 398 2634 quippe
429 2549 550 2614 nimius
580 2548 650 2629 jam
680 2549 853 2627 Antonine,
879 2560 916 2613 et
939 2549 1069 2614 certiora
1086 2564 1117 2610 ex

124 2635 277 2701 Muciano
302 2635 519 2718 sperabantur.
571 2634 718 2717 Namque
744 2634 926 2718 Mucianus
952 2644 1019 2698 tam
1040 2630 1118 2698 celeri

124 2719 260 2784 victorii
273 2718 399 2800 anxius,
421 2729 461 2801 et,
482 2719 518 2783 ni
539 2740 681 2803 praesens
697 2723 775 2785 urbe
790 2720 951 2807 potiretur,
974 2730 1117 2805 expertem

123 2826 158 2872 se
183 2806 257 2870 belli
281 2804 456 2892 gloriaeque
480 2814 577 2887 ratus,
606 2805 646 2869 ad
668 2806 815 2871 Primum
839 2820 871 2869 et
885 2807 1009 2870 Varum
1031 2802 1116 2896 media

124 2891 328 2976 scriptitabat,
352 2890 556 2958 ‘instandum
577 2891 707 2975 coeptis,’
730 2902 785 2956 aut
800 2910 921 2972 rursus,
945 2886 1117 2956 ί11111111111111

124 2979 287 3044 utilitates’
302 2976 486 3059 edisserens,
504 2986 605 3061 'atque
630 2978 674 3041 ita
688 2978 889 3061 compositus,
911 2986 949 3041 ut
963 2997 1005 3042 ex
1017 2983 1116 3041 eventu

124 3084 233 3131 rerum
246 3065 380 3130 adversa
400 3064 561 3143 abnueret,
583 3064 636 3126 vel
658 3082 807 3147 prospera
828 3073 1022 3148 agnosceret
1061 3059 1118 3154 Ple

124 3152 208 3215 tium
222 3150 393 3233 Griphum,
407 3169 509 3234 nuper
521 3150 561 3213 ab
574 3150 770 3231 Vespasiano
785 3149 820 3212 in
835 3148 1040 3213 Senatorium
1051 3142 1117 3209 orda

124 3254 202 3301 nem
212 3235 366 3315 additum,
377 3255 414 3299 ac
424 3234 544 3318 legioni
555 3235 769 3318 praepositum‚
781 3245 962 3316 ceterosque
973 3232 1032 3298 sibi
1043 3230 1115 3305 fido,

125 3320 262 3404 apertius
276 3319 410 3385 monuit.
453 3320 545 3403 quue
564 3340 685 3400 ornnes,
708 3320 748 3383 de
769 3320 969 3386 festinatione
980 3316 1073 3383 Primi
1086 3330 1115 3375 ao

125 3404 402 3485 vulsinaque
425 3405 577 3469 Muciano
592 3405 743 3487 volentia,
765 3404 962 3488 rescripsere.
1006 3401 1115 3475 Quibus

125 3490 267 3574 epistolis
282 3490 477 3572 Vespasiano
491 3490 606 3571 missis,
628 3491 783 3571 effecerat,
798 3503 836 3556 ut
849 3510 915 3555 non
930 3509 1052 3574 prospe
1063 3487 1114 3551 Aa·

126 3576 206 3641 tonii
221 3576 356 3640 consilia
370 3573 515 3657 factaque
529 3573 598 3654 ejus
614 3579 856 3641 aestimarentur.

113 3681 116 3687 ’
169 3660 257 3725 LIII.
281 3661 381 3746 AEgre
395 3658 427 3723 id
442 3659 508 3741 pati
522 3660 694 3742 Antonius,
709 3674 740 3727 et
754 3665 884 3745 culpam
898 3662 933 3727 in
947 3662 1115 3727 Mucianum

124 3745 277 3827 conferre,
298 3744 393 3827 cujus
407 3744 684 3812 criminationibus
697 3748 886 3815 eviluissent
899 3750 1038 3835 pericula
1049 3757 1112 3809 sua:
