2392 4050
340 187 650 245 Norae-saomas’s
665 205 876 247 surrnarrrrrrr.
1049 194 1107 249 ³29

104 346 171 401 mihi,
187 344 244 391 dum
260 353 397 405 corruptum
408 353 433 394 et
444 347 555 393 omnssrus
565 348 629 392 vitiis
643 348 745 394 fractum
755 348 848 394 dicendi
858 361 937 407 genus
948 361 1062 396 revocare
1078 349 1108 396 ad

104 433 225 478 severiora
232 433 323 491 judicia
334 434 460 479 contendo.
495 433 559 480 Tum
571 442 653 481 autem
664 435 730 481 solus
748 436 787 481 lu'c
802 437 853 482 sere
869 436 893 482 in
908 437 1020 483 manibus
1030 437 1108 485 adole·

105 523 223 568 scentiam
233 523 285 568 luit.
318 522 401 578 Quem
412 538 460 569 non
471 524 582 582 equidem
593 525 690 584 omnino
705 527 810 571 conabar
825 534 949 582 excutere,
962 526 1004 573 sed
1015 526 1109 585 potiori·

103 610 149 656 bus
159 611 261 669 prteserri
276 624 324 656 non
341 612 457 666 sinebam,
469 624 529 669 quos
539 612 579 656 ille
595 627 644 658 non
659 589 781 659 destiterdt
798 615 928 669 incessere,
945 627 1009 668 cum,
1021 614 1109 659 diversi

104 698 148 743 sibi
158 700 270 744 conscius
281 700 385 756 generis,
401 700 496 756 placere
511 711 538 745 se
556 701 580 745 in
596 700 698 746 dicendo
713 715 785 759 posse
799 702 828 747 iis
839 702 924 759 quibus
936 701 968 746 illi
979 701 1108 760 placerent,

104 786 225 833 diffideret.
258 788 379 834 Amabant
391 794 472 832 autem
483 801 540 833 eum
550 788 637 844 magis,
655 802 728 845 quam
740 788 908 844 imitabantur3
924 796 1018 834 tantum
1029 787 1110 834 abillo

105 873 251 930 defluebant,
268 883 384 934 quantum
400 876 439 920 ille
450 875 553 932 antiquis
563 875 727 921 descenderat.
760 875 832 921 Foret
843 877 908 923 enim
918 877 1057 936 optandum,
1068 889 1110 934 pa·

105 976 155 1017 res,
168 970 209 1008 aut
220 964 305 1009 saltem
316 964 446 1023 proximos,
458 964 490 1008 illi
498 963 549 1009 viro
556 964 616 1009 fieri.
651 963 698 1009 Sed
709 964 819 1022 placebat
830 972 925 1023 propter
933 965 985 1011 sola
995 965 1069 1018 vitia3
1085 971 1110 1009 et

106 1051 137 1095 ad
148 1065 179 1096 ea
190 1065 217 1097 se
228 1053 327 1108 quisque
338 1052 454 1108 dirigebat
464 1051 607 1110 effingenda,
619 1062 672 1108 quae
683 1058 790 1110 poterat3
806 1053 890 1098 deinde
899 1067 956 1098 cum
967 1066 995 1098 se
1007 1053 1110 1109 jactaret

105 1139 191 1185 eodem
202 1140 273 1184 modo
283 1140 371 1195 dicere,
383 1139 503 1186 Senecam
510 1139 648 1185 infamabat.
682 1139 758 1198 Cujus
770 1147 794 1185 et
804 1140 886 1187 multae
894 1140 997 1198 alioquin
1009 1146 1033 1184 et
1044 1152 1111 1195 mag·
1124 1123 1128 1133 ¹

104 1240 143 1273 nar
153 1228 255 1274 virtutes
270 1228 380 1284 suerun13
396 1228 518 1286 ingenium
532 1229 601 1274 facile
613 1236 639 1274 et
648 1228 781 1287 copiosum,
792 1228 920 1287 plurimam
931 1228 1010 1284 studii,
1026 1228 1111 1272 multa·

102 1329 159 1360 rum
169 1330 249 1362 rerum
259 1318 378 1374 cogniti03
394 1319 418 1363 in
429 1332 477 1375 qua
486 1325 568 1363 tamen
580 1318 706 1375 aliquando
715 1319 745 1363 ab
751 1318 789 1372 iis,
801 1318 887 1374 quibua
899 1315 1039 1374 inquirenda
1049 1325 1111 1372 quae-

104 1406 163 1451 dam
174 1407 310 1462 mandabat,
322 1407 437 1466 deceptus
450 1416 495 1453 est.
530 1407 653 1454 Tractavit
665 1410 738 1454 etiam
749 1422 845 1453 omnem
856 1408 906 1453 sere
918 1407 1050 1452 studiorum
1060 1421 1112 1451 ma·

103 1495 197 1540 teriam.
231 1494 295 1541 Nam
307 1503 331 1541 et
342 1497 460 1542 orationes
472 1498 533 1553 ejus,
544 1503 568 1541 et
577 1503 697 1554 poemata,
707 1503 731 1540 et
738 1496 852 1555 epistolae,
865 1503 889 1542 et
897 1495 984 1553 dialogi
994 1495 1110 1540 seruntur.

104 1583 134 1629 In
157 1583 303 1641 philosophia
322 1598 405 1641 parum
424 1582 533 1639 diligens,
551 1584 663 1640 egregius
681 1591 765 1629 tamen
781 1584 892 1629 vitiorum
911 1585 1040 1629 insectator
1058 1581 1111 1627 suit.

103 1670 215 1718 Multain
233 1685 263 1716 eo
279 1671 395 1729 clamque
407 1663 540 1727 sententiae,
559 1671 636 1716 multa
651 1671 725 1717 etiam
742 1685 835 1717 morum
846 1673 924 1728 gratia
934 1670 1051 1728 legenda3
1068 1667 1112 1715 sed

104 1762 132 1807 in
148 1761 281 1817 eloquendo
294 1768 405 1818 corrupta
415 1760 537 1818 pleraque,
556 1767 630 1816 atque
647 1773 677 1803 eo
692 1759 900 1817 perniciosissima,
916 1758 979 1816 quod
990 1758 1129 1803 abundant·

103 1850 215 1895 dulcibus
226 1850 297 1894 vitiis.
331 1849 413 1895 Velles
430 1863 487 1895 eum
504 1861 550 1894 suo
566 1848 663 1905 ingenio
677 1847 778 1902 dixisse,
790 1847 870 1892 alieno
883 1847 980 1904 judicio.
1014 1844 1080 1891 Nem
1090 1845 1112 1889 si

104 1937 187 1994 aliqua
197 1938 373 1992 contemsisset,
385 1939 405 1983 si
416 1951 500 1995 parum
511 1937 673 1995 concupisset,
685 1935 706 1980 si
716 1939 765 1980 non
775 1935 907 1980 omniasua
918 1939 1033 1987 amasset,
1045 1931 1065 1977 si
1076 1945 1112 1977 re·

104 2040 160 2072 rum
172 2027 276 2084 pondera
287 2027 450 2072 minutissimis
468 2026 591 2073 sententiis
609 2039 657 2070 non
675 2023 785 2081 fregisset
792 2039 800 2079 3
816 2036 937 2067 consensu
947 2020 1026 2079 potius
1037 2017 1113 2065 erudi·

104 2122 195 2169 torum,
212 2129 285 2172 quam
302 2128 429 2172 puerorum
447 2127 528 2158 amore
550 2113 752 2171 comprobaretur.
785 2110 885 2164 Verum,
902 2109 937 2154 sic
954 2120 1049 2165 quoqne
1061 2106 1114 2162 jam

103 2203 218 2257 robustis,
227 2210 251 2247 et
262 2203 382 2248 severiore
393 2216 482 2258 genere
491 2202 549 2247 satis
556 2199 786 2257 firmatislegendus,
797 2197 837 2243 vel
848 2196 911 2252 ideo,
922 2195 986 2253 quod
996 2206 1113 2240 exercere

103 2296 187 2349 potest
204 2290 322 2347 utrimque
334 2289 459 2346 judicium.
492 2288 571 2334 Multa
590 2288 663 2342 enim,
680 2294 707 2331 ut
725 2287 783 2341 dixi,
801 2284 923 2344 probanda
938 2283 964 2327 in
982 2296 1021 2335 eo,
1038 2280 1114 2326 multa

105 2377 182 2423 etiam
195 2377 333 2423 admiranda
343 2385 415 2434 suut3
432 2378 519 2435 eligere
531 2377 602 2422 modo
613 2387 676 2420 curte
693 2376 732 2429 sit,
750 2373 813 2432 quod
832 2373 922 2418 utinam
938 2370 990 2429 ipse
1007 2368 1112 2414 fecisset.

104 2464 186 2522 lngus
197 2466 259 2511 enim
269 2466 314 2511 suit
327 2466 367 2511 illa
377 2474 470 2521 natura,
487 2476 540 2523 quae
555 2465 655 2510 meliora
664 2463 746 2518 vellet,
764 2472 825 2520 quae,
843 2459 906 2518 quod
916 2458 1000 2513 voluit,
1017 2454 1115 2503 effecit?

106 2551 162 2599 Lib.
174 2551 205 2597 X.
218 2550 283 2599 θεοῖ.
297 2555 319 2598 1.

141 2642 207 2688 Sect.
219 2641 261 2687 VI.
279 2643 352 2687 Nova
361 2641 409 2687 luae
419 2636 535 2686 orationis
548 2641 646 2697 species]
678 2637 715 2683 Ita
728 2637 816 2697 placuit
828 2635 929 2682 Senecae
939 2633 1071 2691 ingenium,
1087 2638 1115 2677 ut

105 2730 217 2791 posteeii
228 2729 272 2788 ipsi
283 2731 324 2786 qui
335 2728 475 2793 Ciceronem
486 2728 625 2783 laudabant,
636 2734 660 2772 et
671 2725 813 2784 eloquentiae
824 2723 921 2771 laudem
931 2719 1116 2774 affecubanrstn

108 2816 211 2863 senece
222 2817 380 2877 imitationem
389 2829 484 2873 semper
494 2815 636 2869 reciderent,
648 2814 749 2871 ejusque
757 2812 869 2858 flosculos
878 2817 1035 2857 sectarentur.
1060 2805 1115 2852 Nec

108 2916 225 2959 unquam,
236 2903 294 2947 dum
305 2903 383 2946 adhuc
394 2903 458 2947 stetit
469 2902 608 2948 Romanum
618 2904 751 2961 imperium,
762 2902 849 2946 revixit
860 2897 1003 2955 eloquentia.

143 2988 209 3035 Sect.
221 2988 275 3034 VII.
292 2989 357 3048 Ejus
366 2988 489 3048 filiorum]
522 2988 570 3035 Titi
580 2997 605 3035 et
613 2988 748 3035 Domitiani.
782 2986 889 3044 Uterque
900 2984 1021 3030 literarum
1032 2981 1115 3029 studiis

108 3077 227 3126 inclaruit.
619 3090 621 3093 ’

142 3165 207 3214 Sect.
220 3167 243 3212 8.
261 3165 422 3222 Iaudieenoe]
455 3164 554 3211 Plinius.
588 3165 661 3211 ‘Inde
673 3165 726 3222 jam
742 3177 791 3209 non
808 3162 925 3208 inurbane
940 3160 1058 3222 σοφοιλεῖς
1073 3173 1115 3206 vo·

110 3264 210 3302 cantur:
227 3255 312 3301 iisdem
329 3253 443 3300 Latinum
461 3266 548 3299 nomen
566 3253 703 3311 impositum
720 3258 758 3298 est
774 3251 908 3296 budica&
925 3256 1041 3297 ettamen
1053 3262 1116 3294 cres·

110 3343 234 3389 citindies
241 3342 334 3390 feditas
343 3349 444 3399 utraque
452 3342 534 3400 lingua
541 3342 641 3387 notata.’
674 3337 1116 3398 Interacdamauoaespreoipuaerat

111 3435 193 3494 σοφῦς.
226 3429 284 3477 Inde
295 3430 423 3486 Martialis,
434 3428 581 3489 Epigramm.
599 3427 620 3482 l,
631 3426 677 3474 50:

329 3555 453 3602 Mercetur
463 3556 524 3601 alius
534 3555 625 3614 grande
636 3561 661 3602 et
672 3554 784 3601 imarum
795 3552 898 3612 sophosz

113 3680 218 3742 Ideoque
228 3682 368 3730 dicebantur
383 3682 507 3744 σῦφοκλιῒς.
