2392 4050
124 210 167 279 38
476 208 512 276 0.
530 210 642 275 Ocres.
656 209 792 276 Tacrrr
937 209 988 298 [A.
1004 211 1044 278 U.
1059 213 1135 279 822.

122 383 326 470 penetrabile,
341 382 387 451 ita
399 384 443 449 im
483 393 518 448 tu
533 381 676 449 hostium
689 381 868 466 provolutis
882 382 1023 449 inhabile
1037 386 1080 449 ad
1093 405 1139 452 re-

123 469 341 555 surgendum:
363 470 447 535 simu
474 469 643 535 altitudine
657 480 690 533 et
703 467 841 534 mollitii
853 470 938 534 nivis
950 470 1139 536 haurieban-
1177 512 1178 563 i

123 566 185 620 tur.
230 555 395 620 Romanus
420 556 512 619 miles
526 552 615 618 faeili
629 554 729 618 lorice
748 566 780 619 et
794 553 907 619 missili
921 555 987 638 pilo
1002 566 1057 620 aut
1071 559 1139 622 len·
1177 588 1178 610 ι

123 641 188 706 ceis
199 642 368 721 assultans,
385 642 443 706 ubi
455 661 507 705 res
529 649 681 722 posceret,
696 641 760 704 levi
774 639 881 728 gladio
897 641 1051 705 inermem
1064 644 1138 708 Sar-

123 736 244 792 matam
259 727 474 814 (nequeenim
487 724 615 789 defendi
630 736 721 788 scuto
735 745 804 790 mos
812 728 874 811 est)
884 725 1030 791 cominus
1039 727 1137 791 fodie

121 813 194 876 bat:
230 811 335 877 donec
359 813 465 895 pauci,
488 810 545 895 qui
570 810 682 893 praelio
706 812 938 895 superfuerant,
963 812 1137 894 paludibus

124 898 322 965 abderentur.
366 898 415 962 lbi
429 897 552 962 saevitia
566 895 691 979 hyemis
706 908 738 960 et
750 898 785 961 vi
799 899 973 962 vulnerum
986 899 1134 962 absumti.

125 983 300 1066 Postquam
320 981 353 1047 id
371 983 482 1048 Roma
507 991 715 1064 compertum,
736 983 782 1046 M.
803 981 959 1065 Aponius,
983 983 1133 1048 Moesiam

123 1068 279 1148 obtinens,
294 1068 481 1164 triumphali
495 1069 607 1147 statue,
619 1068 759 1132 Fulvius
773 1069 925 1133 Aurelius
938 1078 970 1131 at
984 1068 1136 1133 Julianus

124 1153 234 1218 Titius
248 1173 286 1218 ac
302 1154 470 1219 Numisius
484 1154 608 1237 Lupus,
623 1153 736 1237 Legati
753 1154 926 1240 legionum,
951 1153 1135 1217 Consulari-

124 1238 185 1302 bua
203 1239 400 1305 ornamentis
421 1239 599 1303 donantur:
621 1240 695 1302 laeto
710 1240 839 1303 Othone
853 1249 885 1303 et
897 1239 1036 1323 gloriam
1050 1239 1085 1302 in
1099 1258 1133 1301 se

123 1324 276 1406 trahente,
292 1332 464 1408 ‘tanquam
484 1335 516 1389 et
538 1324 607 1406 ipse
630 1323 710 1387 felix
730 1325 824 1405 bello,
844 1335 876 1388 et
897 1323 964 1388 suis
987 1324 1136 1389 Ducibus

124 1411 254 1493 suisque
268 1410 458 1476 exercitibus
472 1409 716 1492 Rempublicam
730 1410 890 1474 auxisset!

166 1495 305 1564 LXXX.
329 1498 433 1563 Parvo
461 1494 589 1559 interim
617 1494 719 1574 initio,
744 1495 831 1561 unde
854 1495 937 1561 nihil
959 1496 1136 1575 timebatur,

125 1591 194 1647 orte
207 1581 318 1646 seditio
331 1583 428 1666 prope
442 1582 514 1647 urbi
528 1579 655 1645 excidio
674 1578 745 1645 fuit.
789 1581 965 1665 septimam
979 1581 1138 1646 decimam

126 1667 290 1732 cohortem
311 1689 329 1733 e
344 1667 471 1734 colonie
486 1665 627 1732 Ostiensi
640 1665 675 1729 ln
688 1667 802 1731 urbem
826 1668 923 1731 acciri
938 1668 1024 1732 Otho
1034 1665 1137 1755 jusse·
1177 1744 1178 1749 ἵ

126 1763 189 1817 rat:
212 1753 374 1818 armandoe
388 1754 458 1835 ejus
477 1771 555 1817 cure
569 1750 665 1816 Vario
684 1751 841 1834 Crispino,
857 1753 1037 1817 Tribunos
1052 1754 1137 1817 Prae·
1177 1764 1178 1769 ’

126 1837 361 1919 torianis,data
405 1840 446 1920 Is,
457 1838 522 1922 qub
532 1838 634 1922 magis
644 1855 777 1917 vacuus,
789 1837 904 1922 quietis
915 1839 1034 1918 castris,
1046 1836 1139 1919 jussa

127 1933 346 2009 exequeretur,
360 1925 512 1991 vehicula
524 1922 672 2002 cohortis,
694 1921 865 2006 incipiente
887 1935 989 2004 nocte,
1004 1925 1139 2005 onerari,

127 2019 235 2094 aperto
258 2010 510 2091 armamentario,
530 2007 630 2091 jubet.
674 2007 819 2094 Tempus
844 2009 878 2074 in
901 2009 1136 2093 suspicionem,

128 2115 227 2160 causa
240 2094 274 2159 in
289 2097 430 2179 crimen3
453 2093 611 2160 affectatio
623 2094 738 2177 quietis
758 2096 791 2159 in
806 2096 984 2160 tumultum
997 2096 1138 2160 evalmt:

127 2191 160 2243 et
183 2179 255 2243 visa
275 2180 357 2246 inter
382 2182 574 2247 temulentos
599 2199 689 2244 arma
716 2180 901 2263 cupidinem
923 2181 975 2245 sui
997 2181 1138 2245 movere.

45 2345 49 2350 ⁴
129 2265 253 2333 Fremit
266 2267 368 2351 miles,
390 2278 422 2331 et
442 2266 607 2331 Tribunos
631 2266 905 2349 Centurionesque
928 2266 1140 2350 ‘proditionis'

121 2350 244 2433 arguit,
260 2350 571 2436 ‘tanquemfamilie
586 2351 779 2417 Senatorum
791 2351 832 2416 ad
846 2353 1020 2435 perniciem
1040 2352 1141 2416 Otho
1177 2389 1178 2426 ς

128 2435 181 2500 nis
205 2448 401 2504 armarentur
412 2439 429 2503 τ’
450 2456 522 2522 pars
545 2438 649 2521 ignari
667 2448 697 2501 et
721 2437 798 2501 vino
817 2458 951 2523 graves:
980 2438 1139 2522 pessimus
1177 2463 1178 2468 ¹

128 2521 265 2605 quisque
284 2523 319 2588 in
345 2523 547 2589 occasionem
569 2521 767 2607 praedarum:
789 2524 919 2608 vulgus,
940 2533 978 2589 ut
991 2544 1060 2588 mos
1079 2533 1139 2603 est,

129 2606 360 2693 cujuscumque
371 2610 474 2674 metris
484 2608 561 2673 novi
573 2607 745 2692 cupidum3
767 2616 799 2671 et
808 2608 960 2691 obsequia
969 2609 1140 2674 meliorum
1177 2643 1178 2652 κ

22 2740 25 2744 .
129 2711 196 2757 nox
211 2693 391 2759 abstulerat.
434 2694 646 2759 Resistentem
664 2692 812 2757 seditioni
836 2693 1023 2761 Tribunum
1040 2703 1071 2757 et
1095 2714 1141 2756 se·

130 2778 313 2844 verissimos
328 2780 559 2846 Centurionum
579 2780 791 2844 obtruncant:
813 2788 903 2863 rapta
916 2800 1014 2860 arma,
1028 2777 1139 2844 nudati
1177 2811 1178 2852 ς

130 2863 239 2951 gladii,
255 2865 427 2932 insidentes
440 2865 531 2949 equis
545 2866 656 2930 urbem
671 2883 709 2928 ac
723 2863 879 2948 palatium
892 2876 1013 2947 petunt.
1177 2865 1178 2936 ζ

78 3006 91 3037 ⁴.
174 2950 334 3016 LXXXI.
357 2953 437 3018 Erat
451 2951 573 3017 Othoni
595 2950 719 3015 celebre
736 2950 932 3030 convivium,
948 2950 1139 3034 primoribus
1177 2963 1178 2986 ³

131 3036 274 3104 foeminis
285 3036 444 3123 virisque:
465 3038 521 3121 qui
536 3035 657 3119 trepidi,
678 3033 869 3100 fortuitusne
884 3036 1024 3101 militurn
1042 3035 1138 3117 furor,
1176 3047 1179 3110 l

132 3144 174 3188 an
188 3121 282 3187 delus
294 3124 504 3208 Imperatoris,
519 3142 646 3187 manere
661 3140 698 3183 ac
713 3118 915 3203 deprehendi,
930 3141 973 3187 an
986 3121 1097 3207 fugere
1110 3129 1140 3182 et
1177 3167 1178 3200 3

131 3207 282 3294 dispergi,
297 3210 506 3292 periculosius
520 3208 616 3289 foret3
640 3205 735 3270 modo
756 3206 968 3272 constantiam
980 3207 1138 3283 simulare,

133 3294 228 3360 modo
249 3292 419 3359 formidine
443 3293 557 3378 detegi,
572 3293 670 3357 simul
693 3292 830 3355 Othonis
852 3293 981 3364 vultum
1003 3290 1138 3357 intueri:
1177 3351 1178 3374 ,

134 3391 234 3462 utque
255 3380 370 3460 evenit,
396 3378 556 3444 inclinatis
580 3376 621 3441 ad
643 3376 857 3462 suspicionem
878 3376 1046 3458 mentibus,
1069 3376 1139 3439 edm
1177 3383 1178 3392 ’

133 3463 258 3527 timeret
273 3463 367 3542 Otho,
382 3465 560 3527 timebatur.
604 3461 668 3527 Sed
682 3461 770 3526 haud
784 3482 877 3527 secus
891 3463 1073 3527 discrimine
1084 3462 1138 3526 Se·

134 3546 236 3626 nattis,
261 3547 357 3627 quim
376 3565 435 3610 suo
449 3547 585 3627 territus,
608 3557 639 3610 et
653 3546 820 3611 Praefectos
842 3547 985 3611 Pretorii
1004 3547 1045 3612 ad
1059 3545 1138 3610 miti·
1177 3577 1178 3584 κ

135 3630 256 3714 gendes
270 3630 410 3693 militurn
419 3631 483 3693 ires
496 3632 604 3696 statim
618 3630 754 3709 miserat,
768 3640 799 3693 at
814 3632 917 3695 ‘abire
931 3634 1063 3716 propere
1076 3651 1140 3696 om-

136 3730 194 3774 nes
214 3731 233 3775 e
254 3712 412 3778 convivio’
430 3712 535 3795 jussit
578 3715 671 3779 Tum
690 3715 767 3779 vero
787 3716 906 3801 passim
928 3718 1141 3806 Magistratus,
