2392 4050
162 184 225 255 loe
474 274 479 281 .
516 183 554 249 C.
570 186 681 250 Gonu.
697 185 835 250 Tacrrr
976 186 1022 273 [l
1033 183 1128 248 uste.

157 356 318 441 pinenses,
333 364 556 441 quantumque
580 357 722 421 militum
745 357 833 440 apud
855 357 1039 442 superiorem
1053 354 1129 420 Rheni

158 442 271 527 ripam,
292 441 329 508 in
341 441 453 507 eadem
466 443 565 507 verba
578 442 687 527 adigit,
710 444 825 508 occisis
840 444 1028 529 Mogontiaci
1045 442 1105 506 Trib
1122 477 1130 487 ·

157 529 219 608 nis,
239 528 335 612 pulso
348 537 529 593 castrorum
542 527 707 608 Praefecto,
730 529 786 611 qui
802 528 1053 596 detrectaverant.
1070 530 1132 591 (llas

157 616 245 680 sicus
263 613 542 697 corruptissimum
564 633 723 696 quemque
736 633 756 677 e
771 613 886 679 deditis
907 624 918 667 .‘
926 635 1044 700 pergere
1055 612 1132 677 adol

157 703 271 765 sesam²
289 698 389 781 jubet,
405 699 553 763 ‘veniam
567 710 770 778 ostentantes,
785 701 812 764 si
827 701 994 784 praesentia
1005 717 1134 782 sequeren-

157 794 229 852 tur:
251 784 344 853 aliter
360 784 442 848 nihil
453 785 548 867 spei:
569 783 689 848 famem
709 784 893 870 ferrumque
908 801 939 849 et
952 797 1078 850 extrema
1088 800 1136 866 pu

156 872 270 936 suros!
314 869 479 950 Adjeoire,
494 870 550 953 qui
566 870 655 934 missi
670 882 769 951 erant,
784 874 970 955 exemplum
983 891 1076 934 suum.

200 955 272 1022 LX.
295 955 433 1020 Obessos
447 955 525 1019 hinc
548 954 638 1034 fidae,
663 955 780 1020 indae
837 969 893 1036 tas,
920 958 1000 1021 inter
1019 956 1136 1019 decusat

156 1040 316 1126 flagitium
339 1040 566 1104 distrahebant.
612 1042 786 1105 Cunctanti
809 1063 848 1106 us
869 1044 963 1106 solita
984 1041 1136 1121 insolitaque

156 1126 311 1193 alimenta
330 1126 480 1208 deerant3
503 1126 658 1189 absumtis
675 1126 831 1206 jumentis
851 1128 1003 1212 equisque
1015 1137 1043 1190 et
1055 1123 1137 1189 ceteris

156 1210 446 1294 animalibusque
462 1212 598 1294 profana
610 1212 757 1294 foedaque
768 1215 802 1276 in
817 1234 914 1278 usum
925 1213 1082 1277 necessitas
1090 1227 1137 1271 rer-

156 1298 202 1361 tit
247 1298 395 1384 virgulta
414 1297 573 1381 postremo
588 1307 620 1360 et
633 1297 747 1379 stripes
762 1299 981 1363 etinternatas
999 1297 1076 1362 saxis
1090 1296 1138 1358 lier-

157 1384 213 1447 bas
244 1385 409 1464 vellentes,
448 1383 652 1446 miseriarum
690 1384 911 1466 patientiaque
944 1384 1138 1447 documentum

155 1467 266 1532 fuere:
303 1468 406 1532 donec
427 1469 591 1553 egregiam
614 1467 745 1532 laudem
768 1468 833 1532 fine
856 1470 941 1552 turpi
967 1469 1139 1540 macularent,

155 1554 262 1621 missis
276 1553 318 1618 ad
333 1554 473 1617 Civilem
490 1554 613 1639 legatis,
640 1553 767 1616 ‘vitam'
793 1568 927 1619 orantes
972 1555 1077 1638 Neque
1088 1549 1138 1614 anti

77 1669 82 1681 ·
155 1658 266 1725 preces
275 1638 430 1721 admissae,
442 1639 539 1721 quim
551 1639 585 1703 in
597 1639 695 1702 verba
705 1640 887 1704 Galliarum
897 1639 1047 1721 jurarent.
1068 1639 1138 1711 Tun,

155 1738 270 1811 pactus
293 1723 451 1809 ‘praedam
465 1726 651 1790 castrorum'
673 1723 727 1787 dat
743 1725 899 1805 custodes,
923 1727 980 1808 qui
994 1723 1138 1808 pecunian,

154 1814 295 1892 salonas,
317 1811 459 1875 sarcinas
474 1819 675 1891 retentarent,
698 1829 735 1872 ac
749 1810 805 1893 qui
820 1812 906 1893 ipsos
920 1812 1008 1874 leves
1022 1812 1139 1874 abeunte

155 1907 434 1982 prosequerentur.
477 1895 700 1977 nequinum
721 1895 787 1960 iere
812 1896 950 1978 lapidem
973 1896 1069 1961 coorti
1088 1895 1139 1956 Ger·

156 1984 245 2050 mani
274 1984 444 2048 incautum
469 2000 584 2067 agmen
615 1980 855 2065 aggrediuntur.
909 1982 1139 2068 Pugnacissinus

154 2069 293 2152 quisque
301 2070 336 2133 in
346 2066 489 2151 vestigio,
505 2067 597 2131 multi
608 2067 759 2151 palantes,
771 2067 967 2132 occubuere:
983 2069 1074 2132 ceteri
1083 2062 1139 2131 real

155 2154 191 2218 in
205 2164 309 2218 castra
333 2151 528 2237 profugiunt,
550 2163 702 2235 querente
717 2156 795 2217 sane
824 2153 927 2217 Civile
941 2163 974 2216 et
989 2153 1139 2235 increpante

156 2238 345 2320 Germanos,
362 2245 534 2320 ‘tanquam
548 2237 645 2301 fidem
660 2258 715 2320 per
729 2242 835 2303 scelus
850 2239 1086 2322 abrumperent)
1108 2232 1140 2297 si·

155 2327 280 2391 mulata
290 2344 328 2390 ea
338 2322 465 2403 suerint,
477 2342 519 2386 an
530 2323 666 2386 retinere
677 2324 1043 2406 saevientesnequiverit,
1056 2336 1139 2409 parum

155 2410 341 2476 affirmatur.
386 2406 527 2492 Direptis
541 2408 663 2487 castris,
678 2407 762 2474 faces
773 2409 943 2491 injiciunt:
964 2420 1138 2489 cunctosque.

153 2496 212 2582 qui
228 2496 337 2578 praelio
353 2493 587 2577 superfuerant,
602 2493 789 2560 incendium
802 2495 918 2559 hausit.

199 2582 289 2645 LXI.
313 2581 437 2659 Civilis,
463 2579 597 2642 barbaro
612 2590 696 2659 voto,
722 2593 793 2665 post
813 2589 916 2662 coepta
931 2580 1079 2645 adversus
1097 2576 1140 2640 Re

155 2685 268 2731 manos
282 2685 381 2745 arma,
395 2682 574 2749 propexum
589 2665 819 2750 rutilatumque
834 2663 965 2743 crinem,
981 2664 1093 2749 patrati
1104 2660 1139 2724 de

154 2770 247 2817 mum
261 2749 347 2814 caede
369 2750 543 2836 legionum,
570 2749 726 2833 deposuit.
771 2752 815 2815 Et
838 2750 1007 2831 ferebatur,
1033 2745 1139 2835 parnrlo

154 2836 224 2902 filio
246 2835 402 2918 quosdam
425 2836 634 2917 captivorum,
656 2836 779 2921 sagittis
796 2834 980 2918 jaculisque
994 2835 1140 2919 puerilibu

154 2922 309 3012 figendos,
324 2921 486 2985 obtulisse.
531 2921 679 2986 Oeterdm
690 2941 794 3005 neque
808 2941 851 3001 se,
866 2940 971 3004 neque
986 2932 1140 3005 quenquam

155 3010 323 3087 Batavum,
338 3008 374 3074 in
388 3008 485 3071 verba
499 3006 680 3070 Galliarum
694 3007 818 3093 adegit:
840 3007 918 3069 fisus
934 3007 1140 3073 Germanorum

153 3096 291 3179 opibus:
312 3107 354 3174 et,
377 3093 404 3157 si
420 3090 609 3158 certandum
623 3091 773 3157 adversus
789 3094 900 3157 Gallos
915 3090 956 3154 de
970 3092 1139 3175 possessione

155 3198 264 3245 rerum
279 3180 366 3259 foret,
389 3179 521 3244 inclitus
536 3177 622 3240 samis
643 3188 674 3241 et
692 3180 803 3261 potior.
847 3177 1026 3243 Mummius
1045 3178 1139 3256 Luper·

166 3285 234 3345 cus,
250 3267 390 3351 Legatus
413 3261 558 3349 legionis,
585 3262 667 3328 inter
687 3262 773 3327 dona
792 3264 909 3327 missus
934 3264 1069 3327 Veledae.
1104 3254 1139 3319 Et

154 3349 248 3435 virgo
273 3350 411 3412 nationis
425 3350 599 3415 ,Bructerae
625 3349 689 3413 late
710 3349 928 3432 imperitabat:
953 3359 1056 3412 vetere
1075 3336 1137 3427 apud

156 3436 335 3502 Germanos
350 3452 447 3510 more,
468 3452 534 3514 quo
548 3434 717 3516 plerasque
734 3435 941 3498 seminarum
955 3433 1094 3507 fatidicas,
1108 3433 1134 3496 tl

155 3526 346 3602 augescente
357 3516 589 3597 superstitione,
599 3519 793 3582 arbitrantur
803 3521 898 3584 Deae.
937 3510 1134 3600 Tuncquele

154 3603 233 3665 ledae
248 3600 421 3663 auctoritas
432 3599 588 3664 adolevit:
611 3622 688 3665 narn
701 3611 883 3687 ‘prosperas
896 3605 1060 3669 Germanis
1069 3599 1133 3664 rasel

152 3684 317 3750 excidium
327 3684 499 3770 legionum'
519 3686 720 3767 praedixerat.
763 3690 829 3753 Sed
839 3685 1132 3775 Lupercusinnnere
