2392 4050
65 193 99 258 A.
114 194 147 259 O.
160 194 225 285 69.]
341 197 491 264 Hrsrora.
507 196 587 263 Lm.
604 195 782 262 Taurios.
1008 195 1070 266 133

61 382 164 449 prema
177 368 272 434 victis
285 368 695 454 solatiaamplactebantur.
738 363 836 434 nutri
859 366 1071 447 semianimes,

60 470 148 535 super
157 465 262 518 turres
270 469 301 520 ct
310 454 942 541 propugnaculamoeniumexspirarere.
986 454 1070 517 Con·

59 538 153 605 uulsis
178 541 287 623 portis,
312 541 456 624 reliquus
479 542 598 626 globus
622 538 738 604 obtulit
761 558 797 602 se
818 538 1014 604 victoribus:
1040 549 1071 604 at

58 624 195 690 cecidere
216 646 329 694 omnes
349 626 517 692 contrariis
543 625 742 703 vulneribus,
765 624 851 690 versi
872 624 911 690 in
934 625 1067 694 hostem

58 706 104 773 Ea
117 729 195 775 cura
207 712 307 778 etiam
320 712 528 777 morientibus
541 710 650 775 decori
663 710 766 776 exitiis
782 709 854 775 suit.

93 794 263 865 LXXXV.
286 797 447 878 Vitellius,
465 797 565 881 capti
590 797 681 875 urbe,
706 815 762 878 par
787 814 935 864 aversam
958 794 1069 879 palatii

56 891 179 963 partem,
194 884 406 963 Aventinum,
420 884 455 948 in
477 882 613 950 domum
634 883 755 964 uxoris,
768 882 886 946 sellula
909 880 1068 946 defertur:

54 967 141 1045 utri
166 968 257 1033 diem
282 968 403 1033 latebrd
429 968 604 1051 vitavisset,
620 968 835 1032 Tarracinam
858 967 899 1031 ad
922 969 1068 1033 cohortes

55 1047 242 1137 fratremque
257 1054 447 1140 perfugeret.
491 1053 577 1119 Dein
601 1052 775 1118 mobilitate
796 1054 928 1139 ingenii,
941 1064 973 1119 et
994 1071 1068 1150 quta

53 1144 160 1201 natura
171 1140 302 1222 pavoris
313 1149 369 1219 est,
381 1144 453 1203 cirm
462 1139 571 1204 omnia
582 1138 737 1203 metuenti
749 1140 917 1221 praesentia
928 1138 1067 1203 maxime

54 1218 260 1304 displicerent,
273 1225 307 1289 in
318 1224 476 1307 palatium
486 1225 673 1311 regreditur,
684 1234 811 1288 vastum
826 1223 1067 1308 desertumque:

54 1303 177 1390 dilapsis
205 1310 306 1374 etiam
334 1309 454 1375 infimis
478 1310 693 1389 servitiorum,
719 1320 775 1373 aut
802 1329 975 1374 occursum
998 1308 1067 1391 ejus

54 1389 295 1459 declinantibus,
340 1396 456 1460 Terret
480 1395 621 1460 solitudo
642 1409 675 1459 et
697 1402 836 1459 tacentes
861 1396 941 1459 loci:
967 1405 1067 1460 tentat

54 1476 173 1545 clausa:
196 1480 389 1545 inhorrescit
412 1481 546 1564 vacuis3
570 1481 736 1564 fessusque
760 1480 877 1544 misero
899 1499 1013 1559 errore,
1035 1491 1067 1544 et

53 1563 195 1709 pudendi
210 1566 332 1631 latebrri
353 1577 454 1630 semet
476 1568 650 1648 occultans,
666 1568 706 1631 ab
720 1565 809 1632 Julio
833 1566 974 1648 Placido,
990 1568 1066 1631 Tri·

72 1666 134 1714 uno
148 1652 301 1731 cohortis,
315 1650 518 1734 protrahitur.
561 1654 685 1718 Vincta
699 1671 782 1736 pone
793 1663 919 1737 tergum
931 1671 1065 1717 manus:

53 1731 164 1801 laniati
177 1745 277 1817 veste,
292 1735 415 1801 soedum
435 1740 665 1821 spectaculum,
679 1737 865 1815 ducebatur,
886 1737 998 1800 multis
1018 1738 1066 1801 in·

53 1822 260 1903 crepantibus
275 1823 367 1886 nullo
389 1822 630 1907 illacrymante:
652 1820 836 1886 deformitas
856 1820 959 1885 exitiis
974 1821 1066 1886 mise·

53 1903 216 1972 ricordiam
231 1907 412 1972 abstulerat.
457 1909 583 1974 Obvius
597 1928 616 1971 e
631 1906 834 1971 Germanicis
842 1904 997 1970 militibus
1013 1908 1065 1971 Vi·

52 1989 169 2058 tollium
183 1990 301 2057 infesto
315 1992 392 2077 ictu,
408 2014 464 2079 per
483 1994 573 2075 iram,
589 1995 641 2060 vel
655 1993 720 2077 qud
742 1990 896 2057 maturius
917 1990 1065 2065 ludibriis

51 2078 207 2158 eximeret,
222 2099 263 2143 an
277 2079 464 2145 Tribunum
477 2081 652 2164 appetierit,
667 2079 701 2143 in
716 2080 838 2143 incerto
851 2076 929 2142 fuit:
953 2099 1063 2147 aurem

50 2159 189 2228 Tribuni
213 2166 392 2247 amputavit
415 2166 574 2231 aestatim
595 2164 763 2230 confossus
785 2175 842 2228 est.
886 2163 1062 2246 Vitellium,

51 2243 168 2314 infestis
192 2250 401 2314 mucronibus
426 2261 582 2330 coactum,
605 2251 703 2315 modb
724 2249 844 2337 erigere
859 2272 894 2315 os
908 2262 938 2315 et
951 2251 1063 2316 offerre

49 2335 257 2414 contumeliis,
270 2354 360 2400 nunc
374 2334 524 2400 cadentes
539 2346 659 2401 statuas
682 2356 765 2417 siras,
781 2337 969 2419 plerumque
983 2336 1062 2401 Ros

51 2425 101 2497 tra,
116 2431 172 2485 aut
187 2420 298 2487 Galbae
314 2420 412 2485 occisi
438 2421 547 2487 locum
571 2421 737 2504 contueri;
759 2422 917 2504 postremo
942 2421 982 2485 ad
999 2422 1062 2485 Ge-

51 2504 178 2586 monias,
202 2506 260 2570 ubi
289 2526 405 2590 corpus
429 2507 536 2572 Flavii
563 2507 675 2573 Sabini
700 2506 854 2588 jacuerat,
880 2505 1060 2590 propulere.

52 2585 118 2654 Vox
130 2610 201 2655 una
213 2611 279 2656 non
304 2591 470 2678 degeneris
492 2592 592 2656 animi
606 2603 746 2677 excepta,
762 2597 836 2656 cirm
850 2588 999 2657 Tribuno
1014 2592 1062 2657 iu·

51 2674 186 2756 saltanti,
203 2684 254 2741 ‘se
279 2686 385 2742 tamen
411 2677 637 2761 Imperatorem
659 2677 729 2760 ejus
750 2676 866 2759 suisse,’
889 2678 1060 2762 respondit.

52 2757 95 2822 Ac
105 2759 219 2829 deinde
230 2762 362 2848 ingestis
373 2764 560 2828 vulneribus
571 2764 721 2827 concidit.
767 2763 1061 2850 Ervulguseadem

51 2849 198 2925 pravitate
212 2847 426 2912 insectabatur
441 2847 652 2931 interfectum,
666 2848 731 2933 quii
751 2846 874 2913 foverat
888 2850 1058 2914 viventem.

89 2929 277 2998 LXXXVI.
299 2933 408 2997 Patria
421 2934 470 2998 illi
485 2935 641 3000 Luceria:
663 2933 835 3016 septimum
857 2947 889 2997 et
903 2935 1059 3017 quinqua·

51 3016 203 3097 gesimum
228 3018 328 3083 aetatis
355 3039 478 3084 annum
500 3021 657 3103 explebat.
701 3019 924 3097 Consulatum,
949 3020 1059 3085 Sacer·

51 3097 139 3184 dotia,
153 3123 272 3168 nomen
295 3105 468 3188 locumque
489 3105 571 3169 inter
585 3104 747 3187 primores,
761 3100 863 3169 nullia'
876 3105 935 3167 suti
950 3104 1058 3169 indus·

50 3184 113 3267 trid,
127 3189 182 3254 sed
197 3200 315 3253 cuncta
329 3189 427 3286 patris
441 3189 634 3255 claritudine
648 3189 790 3272 adeptus.
835 3189 1058 3273 Principatum

50 3268 78 3330 ei
99 3272 249 3355 datuldre,
262 3275 319 3359 qui
333 3293 441 3358 rpsum
465 3295 531 3340 non
546 3285 711 3339 noverant.
756 3274 871 3339 Studia
893 3276 1057 3358 exercitiis,

52 3362 115 3418 raro
139 3360 301 3444 cuiquam,
328 3361 420 3425 bonis
448 3361 567 3426 artibus
595 3359 740 3443 quaesita,
768 3361 898 3443 perinde
927 3361 1057 3444 affuere,

52 3441 139 3520 quim
152 3444 230 3510 huic
251 3466 307 3530 per
328 3445 500 3532 ignaviam.
544 3447 660 3510 Inerat.
676 3454 783 3510 tamen
808 3447 996 3530 simplicitas
1012 3468 1057 3512 ac

53 3522 230 3595 liberalitas:
252 3551 333 3615 quaa,
357 3532 392 3596 ni
417 3532 498 3596 adsit
523 3531 647 3610 modus,
671 3531 706 3594 in
730 3522 866 3597 exitium
878 3543 1056 3597 vertuntur.

54 3609 220 3694 Amicitias,
234 3616 314 3681 dum
336 3615 559 3704 magnitudine
582 3632 764 3693 muncrum,
788 3636 862 3680 non
878 3615 1057 3705 constantii

55 3711 180 3788 morum,
192 3703 346 3768 rontiueri
358 3712 457 3788 putat,
469 3703 585 3767 meruit
595 3699 707 3786 magis,
715 3697 942 3783 quimhabuit.
985 3697 1057 3758 Rer-
