2392 4050
438 268 443 273 ’
485 249 685 316 Acarnana,
1031 248 1100 315 243

53 434 164 481 mum
176 417 272 481 victis
285 416 472 503 perfugium
491 418 704 484 clauderetur.
748 417 801 483 Ad
816 435 942 483 manns
958 427 991 483 et
1010 436 1101 486 arms

52 501 220 564 conversi
244 501 456 565 Caledoniam
478 503 657 568 incolentes
679 503 802 585 populi,
827 514 943 584 paratu
968 522 1100 589 magno,

45 583 191 661 majora
202 584 297 664 mma,
312 586 361 646 uti
371 603 442 648 mos
451 595 501 648 est
512 587 553 648 de
565 587 692 669 ignotis,
707 586 913 668 oppugnaisse
925 588 1020 667 ultro,
1032 607 1101 653 cas·

55 664 147 725 tella
163 666 275 743 adorti,
291 676 423 745 metum,
438 676 475 730 ut
490 679 711 750 provocantes,
730 669 919 733 addiderant
932 692 939 733 :
960 672 1101 756 regredi·

53 745 257 830 endumque
271 749 352 811 citra
376 750 573 830 Bodotriam,
586 762 619 813 et
633 752 859 817 excedendum
874 753 986 835 potius,
1000 756 1101 838 quim
1141 788 1153 807 ·

54 832 275 912 pellerentur,
286 832 395 914 specie
412 835 622 915 prudentium
635 834 745 921 ignavi
765 836 1002 902 admonebant:
1024 841 1101 907 cirm

59 914 202 979 interim
222 918 397 1002 cognoscit,
423 917 528 980 hostes
543 920 691 1002 pluribus
705 921 892 1005 agminibus
907 922 1099 1006 irrupturos.

57 1001 125 1077 Ac,
140 1018 184 1064 ne
198 1013 368 1082 superante
383 1019 520 1063 numero
529 1013 562 1064 et
573 1004 686 1082 peritia
699 1006 845 1069 locorum
862 1007 1098 1090 circumiretur,

57 1082 175 1162 diviso
189 1086 301 1167 etipse
316 1085 350 1148 in
366 1094 429 1148 tres
443 1096 548 1167 partes
562 1087 707 1151 exercitu
722 1087 862 1152 incessit

13 1140 43 1258 i
109 1169 234 1234 XXVI„
257 1169 432 1238 Quodnisi
450 1169 620 1253 cognitum
630 1171 723 1249 hond,
739 1181 863 1235 mutato
877 1177 1009 1257 repente
1024 1195 1098 1243 con·

58 1253 151 1333 silio,
174 1252 319 1317 universi
338 1273 461 1316 nonam
487 1252 658 1337 legionem,
681 1265 718 1319 ut
744 1255 884 1319 maxime
907 1257 1096 1342 invalidam,

57 1349 160 1402 nocte
176 1338 329 1431 aggressi,
352 1339 435 1400 inter
453 1354 608 1401 somnum
625 1358 663 1402 ac
677 1338 923 1421 trepidationem
942 1345 1033 1407 caesis
1051 1346 1098 1409 ri·

59 1422 197 1509 gilibns,
220 1422 373 1504 irrupere.
427 1422 566 1505 Jamque
591 1422 627 1486 in
653 1423 731 1506 ipsis
757 1425 871 1488 castris
896 1428 1096 1511 pugnabant,

59 1506 318 1592 cum-Agricola,
340 1507 400 1570 iter
414 1506 559 1570 hostium
573 1508 615 1571 ab
628 1507 885 1591 exploratoribus
898 1509 1042 1591 edoctus,
1064 1521 1098 1577 et

59 1592 213 1676 vestigiis
226 1590 411 1670 insecutus,¹
424 1591 646 1656 velocissimos
660 1592 808 1675 equitum
823 1593 1033 1678 peditumque
1048 1616 1097 1660 as-

60 1678 186 1741 sultare
197 1677 298 1761 tergis
312 1676 530 1763 pugnantium
548 1674 649 1756 jubet,
673 1696 749 1739 mox
764 1677 806 1739 ab
820 1677 981 1741 universis
996 1677 1096 1758 adjici

59 1763 260 1841 clamorem3
283 1771 315 1823 et
330 1760 511 1843 propinqua
531 1760 606 1823 lnce
622 1760 742 1823 fulsire
764 1760 878 1844 signa:
900 1761 946 1825 ita
960 1762 1096 1843 ancipiti

64 1847 155 1909 malo
170 1845 272 1908 territi
289 1843 459 1908 Britanni:
481 1855 514 1908 et
535 1844 694 1908 Romanis
715 1843 796 1909 redit
818 1843 956 1923 animus,
978 1865 1026 1922 ac,
1048 1863 1097 1908 sa·

63 1930 138 1995 curi
153 1929 194 1993 de
208 1929 322 2010 salute,
343 1949 401 2013 pro
424 1929 533 2016 gloria
554 1929 733 1992 certabant.
777 1927 871 1992 Ultro
894 1928 976 2010 quin
997 1929 1098 1993 etiam

64 2014 220 2098 erupere:
243 2026 275 2079 et
293 2013 355 2079 init
376 2026 473 2079 atrox.
491 2014 526 2078 in
549 2013 628 2097 ipsis
651 2023 818 2096 portarum
836 2011 996 2098 angustiis
1018 2032 1097 2096 prce·
1148 2011 1152 2018 '

65 2100 160 2178 lium,
178 2099 283 2163 donec
297 2100 383 2182 pulsi
398 2100 524 2183 hostes;
546 2108 683 2183 utroque
698 2097 844 2163 exercitu
859 2106 1010 2178 cenante,
1033 2096 1096 2178 his,

64 2194 104 2248 ut
129 2184 243 2247 tulisse
268 2204 373 2267 opem,
402 2183 479 2265 illis,
519 2204 562 2247 ne
586 2181 716 2269 egnisse
743 2183 869 2246 auxilio
897 2180 1095 2247 viderentur.

66 2268 170 2339 Quod
186 2269 246 2333 nisi
271 2269 406 2351 paludes
420 2279 452 2333 et
466 2271 567 2352 sylrae
591 2268 754 2355 fugientes
768 2267 932 2351 texissent,
954 2266 1096 2340 debella·
1135 2307 1146 2323 .

66 2364 140 2418 tum
152 2353 211 2417 illai
224 2353 361 2417 victoria
375 2352 468 2417 foret.
1093 2352 1097 2358 ’

110 2438 255 2503 XXVII.
292 2437 397 2518 Cujus
421 2436 603 2501 constantii
629 2456 668 2501 aa
692 2436 779 2503 fama
802 2437 895 2502 ferox
923 2439 1095 2523 exercitus,

67 2523 172 2587 ‘nihil
188 2522 300 2587 vianti
311 2542 379 2587 sua
391 2522 545 2587 invium:
567 2522 799 2604 penetrandam
814 2521 1034 2603 Caledoniam,
1047 2524 1096 2591 in·

64 2607 327 2690 veniendumque
361 2607 492 2671 tandem
520 2606 699 2670 Britanniae
726 2607 902 2671 terminum
937 2609 1096 2675 continuo

66 2692 252 2775 praeliorum
273 2694 392 2771 cursu,’
413 2690 610 2756 fremebant:
633 2701 729 2774 atque
750 2691 799 2756 illi
822 2690 918 2755 modi>
941 2692 1029 2757 cauti
1055 2712 1095 2760 ae

68 2778 235 2861 sapientes,
250 2776 367 2860 promti
378 2786 449 2859 post
458 2787 615 2841 arentum
628 2796 667 2840 ac
678 2777 880 2861 magniloqui
892 2788 993 2841 erant.
1030 2779 1096 2843 Ini-

67 2861 224 2946 quissima
237 2862 306 2926 hacc
320 2863 481 2926 bellorum
489 2862 635 2926 conditio
649 2873 714 2927 est:
737 2879 890 2945 prospare
903 2881 1016 2927 omnes
1031 2862 1095 2927 sibi

67 2947 242 3025 vindicant,
258 2946 463 3010 adversauni
477 2947 688 3029 imputantur.
732 2948 777 3010 Aa
791 2945 940 3008 Britanni
952 2964 1019 3008 non
1029 2946 1095 3008 vir·

68 3042 143 3111 tute,
164 3032 221 3095 sed
241 3030 411 3095 occasione
426 3040 458 3094 et
472 3042 540 3093 arte
563 3049 640 3093 usos
662 3029 732 3107 rati,
751 3028 837 3093 nihil
852 3046 895 3091 ex
909 3027 1094 3112 arrogantia

69 3115 234 3196 remittere,
255 3115 321 3199 qud
335 3115 442 3178 minas
460 3112 669 3194 juventutem
690 3120 860 3191 armarent,
882 3110 1039 3196 conjuges
1054 3129 1093 3177 ao

68 3202 184 3268 liberos
208 3200 243 3265 in
270 3201 342 3265 loca
364 3209 434 3263 tuta
457 3197 674 3277 transferrent,
697 3196 834 3260 coetibus
857 3214 896 3259 ac
924 3195 1093 3261 sacrificiis

69 3286 338 3369 conspirationem
362 3283 534 3348 civitatum
556 3281 737 3346 sancirent:
769 3290 866 3363 atqua
891 3279 937 3346 ita
963 3279 1094 3348 irritatis

70 3372 231 3452 utrimque
243 3368 361 3433 animis
375 3369 564 3433 discessum

37 3438 63 3537 ti
113 3455 272 3521 XXVlll.
295 3453 423 3517 Eidem
445 3462 556 3518 aestate
578 3451 694 3516 cohors
715 3449 912 3532 Usipiornm,
933 3467 990 3532 per
1013 3450 1095 3512 Ger·

70 3541 190 3608 manias
199 3537 390 3620 conscripta,
405 3537 440 3601 in
455 3537 659 3602 Britanniam
673 3535 869 3613 transmissa,
884 3549 1044 3613 magnum
1053 3548 1093 3593 aa

71 3623 274 3693 memorabile
288 3620 419 3687 facinus
441 3640 522 3685 ausa
535 3631 592 3685 est.
638 3619 755 3682 Occiso
768 3615 966 3679 Centurione
981 3630 1018 3671 ac
1034 3609 1093 3669 mi·

71 3711 187 3789 litibua
201 3706 269 3797 qui,
283 3704 324 3771 ad
335 3706 526 3772 tradendam
534 3701 743 3787 disciplinam
752 3694 895 3764 immixti
907 3686 1092 3773 manipulis,
