2392 4050
103 190 137 255 A.
151 191 184 255 Ο.
199 190 269 279 694
395 189 546 255 Hrsuoa.
560 188 639 254 Lm.
655 189 806 254 Parnes.
1064 191 1105 256 31

11 415 13 418 .
103 361 334 427 lumvolvebat.
378 361 482 445 Gallis
498 362 661 428 cunctatio
685 371 821 444 memte,
842 369 874 425 et
887 361 924 424 in
945 361 1108 428 Othonem

12 505 13 510 ,
103 468 136 512 ao
150 449 313 513 Vitellium
333 445 446 511 odium
460 467 526 530 par,
541 468 582 514 ex
598 448 728 512 Vitellio
748 459 779 514 et
796 456 911 512 metas.
954 448 1106 514 Proxima

14 533 19 544 '
101 534 278 614 Lingonum
303 532 417 596 civitas
438 523 514 612 arai,
538 531 603 598 fida
623 533 786 617 partibus:
808 533 949 618 beniga'e
971 537 1106 618 excepti,

29 669 34 680 .
96 613 243 696 modestia
257 617 437 700 certaveie3
461 619 518 682 sed
532 619 638 683 brevis
652 618 762 684 laetitia
775 618 847 699 fuit,
864 619 1046 684 cohortium
1059 620 1108 684 iu·

102 704 250 787 temperie,
262 724 354 786 quas,
369 724 389 765 a
403 705 528 789 legione
549 697 797 788 quartadecima,
818 714 855 768 ut
876 712 975 789 supra
988 725 1106 770 memo·

100 791 243 871 ravimus,
256 791 423 875 digressas,
439 789 595 854 exercitui
610 805 670 853 suo
693 790 814 854 Fabius
831 791 949 855 Valens
970 789 1106 871 adjunx-

102 886 172 940 erat.
212 876 328 960 Jurgia
350 876 495 957 pomam,
517 895 595 960 mox
617 874 689 938 rixa
709 876 791 939 inter
813 876 949 957 Batavos
963 888 995 940 et
1010 876 1107 962 legio·

101 961 207 1040 uarios,
225 960 318 1028 ,dum
339 960 391 1023 his
417 970 473 1028 aut
498 960 563 1032 illis
591 960 860 1026 studiamilitum
880 965 1103 1048 aggregantur.
1186 1001 1187 1020 a

11 1061 13 1072 ¹
102 1047 192 1129 prope
225 1045 259 1110 in
282 1046 430 1129 praelium
451 1046 609 1125 exarsere,
632 1046 667 1109 ni
689 1047 808 1110 Valens
832 1047 1108 1112 animadversione

59 1116 272 1243 Veneriorum
299 1131 414 1196 oblitos
438 1130 508 1211 jam
543 1133 681 1195 Batavos
718 1132 844 1215 imperii
878 1131 1107 1199 admonuisset.

101 1218 225 1281 Frustra
239 1218 389 1284 adversas
405 1218 530 1284 AEduos
544 1216 681 1299 quaesita
693 1218 770 1281 belli
782 1237 905 1294 causa.x
932 1218 1019 1284 Jussi
1034 1226 1106 1303 ‘pe-

11 1327 13 1334 '
99 1303 224 1367 'cuniam
238 1313 331 1386 atque
347 1321 436 1366 arma
446 1301 585 1382 deferre,’
599 1302 900 1386 gratuitos'insuper
911 1317 1110 1382 commeatus

101 1390 270 1470 praebu'dre:
292 1388 380 1469 quod
402 1387 503 1453 AEdui
525 1387 705 1464 formidine,
726 1388 963 1474 Lugdunenses
986 1391 1107 1477 gaudio

49 1529 51 1532 .
103 1474 203 1539 fecere.
246 1472 312 1537 Sed
327 1473 409 1559 legio
424 1474 539 1538 Italica
561 1484 592 1538 et
607 1475 659 1537 ala
674 1474 824 1538 Taurino
845 1474 1001 1541 abducta.
1046 1477 1108 1540 Co·

102 1558 216 1624 hortem
224 1558 518 1623 duodevicesimam
526 1558 691 1645 Lugduni,
703 1560 804 1624 solitis
814 1561 875 1623 sibi
886 1561 1048 1644 hybernis,
1060 1583 1108 1626 re·

101 1644 194 1728 linqui
203 1645 335 1728 placuit.
379 1643 522 1709 Manlius
534 1645 662 1723 Valens,
675 1645 817 1730 Legatus
828 1646 947 1713 Italicae
960 1649 1107 1733 legionis,

102 1732 371 1816 quanquamkbene
385 1729 425 1794 de
441 1732 582 1812 partibus
591 1730 732 1811 meritus,
743 1732 834 1794 nullo
845 1731 931 1815 apud
941 1733 1109 1798 Vitellium

103 1817 211 1881 honore
236 1816 313 1880 fuit:
336 1816 464 1880 seeretis
493 1836 570 1881 eum
597 1814 875 1880 criminationibus
898 1817 1107 1888 infamaverat

11 1963 14 1972 ,
104 1902 215 2051 lValgius
244 1902 404 1987 igriarum,
430 1911 470 1984 et,
495 1908 558 1985 quo
583 1901 744 1966 incautior
768 1891 987 1985 deciperetuiJ
999 1885 1108 1986 {didm

115 2006 150 2051 au
173 1997 269 2054 atum.
870 2011 871 2014 ¹

33 2072 113 2139 Ἀ
140 2074 233 2140 LXV.
258 2074 405 2138 Veterem
418 2074 501 2138 inter
515 2073 752 2160 Lugdunenses
767 2074 1029 2158 Viennensesque
1045 2075 1109 2140 dis·
1165 2140 1166 2143 ,

46 2140 234 2237 scordium
253 2160 439 2242 proximum
460 2162 582 2225 bellum
604 2159 811 2224 accenderat:
834 2163 943 2227 multae
956 2142 1113 2237 invicem
1160 2156 1169 2249 ἶ

105 2245 208 2327 clades,
223 2244 362 2310 erebrius
377 2245 591 2328 infestiusque,
606 2252 665 2328 qu=
717 2256 754 2309 ut
769 2247 892 2310 tantiam
905 2258 1032 2330 propter
1044 2249 1108 2312 Ne-

104 2348 203 2395 ronem
219 2332 421 2413 Galbamque
434 2254 729 2479 pugnaremuxidt
752 2334 858 2401 Galba
877 2352 893 2396 r
937 2333 998 2421 'tas
1019 2334 1109 2419 Lug-

103 2414 297 2494 dunensium,
322 2419 489 2493 occasione
515 2416 638 2506 iraegin
683 2438 776 2482 scum
794 2333 962 2564 vertera&
984 2420 1108 2482 multus

105 2505 203 2567 contria
215 2502 251 2566 in
262 2502 464 2566 Viennenses
478 2503 582 2566 honor
593 2506 611 2573 :l
623 2502 710 2567 unde
725 2504 885 2570 aemulatio
895 2514 926 2566 et
942 2502 1062 2567 ‘hvidia
1077 2515 1108 2569 et

105 2603 162 2650 uno
177 2574 751 2681 amneldiscr'etisfconnexnmodium.
796 2588 1112 2674 lgiturLugdnnene
1186 2648 1187 2673 ,

101 2687 143 2734 ses
159 2674 364 2738 exstimulata
379 2672 525 2760 singulos
539 2673 689 2752 militum,
703 2684 735 2737 et
750 2674 784 2738 in
797 2674 997 2755 eversionem
1011 2675 1121 2739 Vien-'

104 2759 243 2823 nausiam
257 2759 429 2841 impellere,
453 2760 615 2822 ‘obessem
630 2759 748 2823 abillis
764 2760 925 2823 coloniam
939 2746 1112 2909 suamgad-3
1186 2796 1187 2805 κ

102 2839 178 2919 jutos
193 2842 338 2909 Vindicis
350 2854 492 2922 conatus,
505 2846 700 2928 conscriptas
711 2850 813 2927 nuper
828 2845 970 2941 legiones
985 2847 1049 2930 inp
1066 2869 1109 2911 ae-

104 2926 211 2994 sidium
226 2915 544 3079 Galbaezefercndo:
566 2940 609 3001 et,
620 2930 675 2994 ubi
688 2951 802 2994 causas
816 2929 965 2995 odiorum
975 2943 1108 3014 praeten·
1186 2948 1187 2965 ²

11 3062 13 3095 ,
104 3010 215 3095 derant,
231 3015 340 3101 magni
378 3014 487 3080 dinem
505 3015 622 3098 praedae
637 3017 853 3081 ostendebant.
897 3017 966 3082 Nec
977 3015 1047 3097 jam
1061 3038 1108 3099 se·

11 3100 13 3149 l
106 3111 181 3163 creta
193 3101 379 3181 exhortatio,
395 3101 452 3165 sed
473 3101 612 3184 publicae
632 3120 757 3183 preces:
781 3102 885 3165 ‘lrent
904 3103 1033 3182 ultores,
1053 3123 1108 3168 exe
1133 3164 1136 3169 ,

11 3192 19 3219 ’·
106 3183 273 3251 scinderent
294 3188 403 3251 sedem
427 3187 547 3251 Gallici
572 3187 668 3252 belli:
690 3197 809 3252 cuncta
832 3185 900 3252 illie
924 3198 1056 3254 externa
1076 3202 1108 3256 et

11 3262 12 3285 *
106 3265 237 3337 hostilia:
260 3273 475 3337 ascaloniam
495 3272 676 3351 Romanam
697 3283 728 3336 et
749 3284 873 3356 partem
895 3273 1053 3341 exercitas
1076 3288 1109 3342 et

105 3369 317 3437 prosperarum
341 3358 612 3440 adversarumque
637 3378 746 3422 rerum
773 3359 897 3424 socios:
929 3360 958 3424 si
979 3359 1109 3428 fortuna

107 3442 206 3506 contra
222 3426 424 3592 daretLiratis
438 3463 480 3507 ne
492 3417 775 3594 relinquerenturz
995 3454 1000 3464 '

69 3517 255 3597 -·va1.
277 3529 310 3593 H
361 3540 392 3592 et
405 3529 552 3612 pluribus
576 3531 611 3594 in
629 3529 740 3594 'errnda
796 3529 938 3611 modum,
962 3537 1108 3623 pergule-

107 3620 281 3691 matutae
295 3615 408 3701 Legati
433 3615 573 3698 quidem,
598 3635 636 3679 ao
661 3616 770 3679 Duces
789 3615 929 3697 partium
951 3617 1108 3701 restingui
1186 3680 1187 3697 ,

107 3708 190 3774 poma
207 3698 409 3769 iracundiam
421 3702 578 3767 exereitus
602 3700 850 3781 arbitrarentu15
872 3699 946 3762 edm
962 3698 1049 3762 haud
1062 3701 1112 3784 ig-
1186 3710 1187 3721 ¹
