2392 4050
151 190 216 255 142
503 191 541 257 G.
557 192 669 258 Gonu.
685 191 823 259 Tacrnr
972 188 1135 281 [A.U.822

147 362 210 427 vie
224 360 431 450 infamiaeque
444 383 514 431 sue
529 364 698 449 superfuit.
741 364 904 433 Asiaticm
917 363 1004 429 enim
1016 362 1054 450 (is
1065 360 1136 428 liber-

147 449 216 534 tus)
230 451 351 516 malam
365 449 541 534 potentiam
553 451 662 518 servili
677 451 836 537 supplicio
850 471 893 516 ex
915 447 1001 514 iavit

191 536 268 602 XII.
291 537 410 602 lisdem
427 535 541 602 dicbus
561 537 813 604 crebrescentem
833 538 862 602 cl
909 537 935 602 is
961 531 1136 599 Germanice

147 618 277 716 {amam
292 621 499 707 nequiquam
509 632 624 686 mmsta
637 623 751 689 civitas
764 622 961 719 excipiebat:
983 628 1091 683 ‘caesos
1099 636 1138 680 ex·

147 705 277 788 ercitus,
290 719 383 792 capta
398 706 602 794 legionumh
626 710 734 790 berna,
755 709 927 776 descivisse
942 705 1078 783 Gallias,’
1090 719 1139 766 non

146 803 185 857 ut
199 793 285 858 mala
305 793 530 876 loquebantur.
574 729 626 857 ldr
636 795 760 860 bellum
782 793 901 877 quibus
925 791 1031 856 causis
1047 797 1139 866 ortum,

146 890 267 961 quanto
281 889 489 948 externarum
502 879 726 964 securumque
744 879 891 966 genum
905 886 995 943 motu
1009 876 1138 961 flagrare-

146 963 197 1045 rit,
218 962 312 1030 altiirs
325 962 504 1047 expediam.
548 965 673 1047 Batavi,
694 967 796 1031 donec
816 977 904 1029 trans
926 962 1140 1043 Rhenumago·

145 1047 232 1131 bant,
246 1068 322 1134 pars
335 1049 521 1116 Cattorum:
543 1050 699 1117 seditione
713 1049 887 1117 domestici
902 1047 997 1145 pulsi,
1022 1056 1141 1112 extrema

146 1133 283 1199 Gallicas
298 1154 372 1218 orm,
394 1153 501 1201 vacua
514 1136 702 1218 cultoribus,
727 1136 888 1219 simulque
901 1135 1052 1212 insulam,
1071 1145 1141 1193 nunc

145 1218 323 1303 Bataviam,
352 1221 561 1305 occupavere,
590 1242 690 1305 quarn
714 1241 803 1287 mare
828 1221 984 1286 Oceanus
1004 1239 1024 1282 a
1049 1215 1141 1289 bonu,

145 1304 282 1370 Rhenus
295 1306 399 1372 amnis
413 1318 541 1393 tergum
562 1328 601 1372 aa
622 1310 723 1373 latera
735 1305 941 1372 circumluit:
965 1324 1026 1370 nec
1040 1300 1142 1384 opibus

144 1391 294 1456 societate
308 1389 513 1472 validiorum,
532 1393 642 1476 attriti,
659 1393 746 1459 viros
759 1398 881 1458 tanum
896 1408 1048 1474 armaque
1060 1388 1143 1468 tmpc

145 1476 194 1543 rio
209 1476 411 1544 ministrant:
424 1476 481 1544 diu
495 1479 698 1546 Germanicis
709 1479 805 1544 bellis
818 1476 952 1542 exerciti
965 1499 974 1541 ι
995 1494 1070 1540 mox
1083 1489 1144 1536 ant·

144 1575 178 1628 ta
207 1581 264 1647 per
285 1562 487 1629 Britanniam
513 1565 626 1651 gloria,
649 1563 843 1632 transmissis
862 1562 944 1627 illuc
965 1558 1141 1634 cohortibus,

143 1667 226 1731 quas
248 1658 354 1714 vetere
381 1647 528 1716 instituto
553 1650 746 1717 nobilissimi
771 1648 977 1733 popularium
1002 1646 1141 1796 regebant

145 1732 227 1799 Erat
240 1744 273 1799 et
286 1733 374 1800 domi
392 1734 535 1801 delectus
547 1756 655 1819 eques,
679 1734 843 1820 precipuo
858 1732 957 1798 nandi
973 1743 1026 1797 stu
1053 1733 1087 1809 ὀ,
1107 1744 1142 1788 rr·

144 1840 199 1888 ma
211 1839 374 1906 equosque
393 1821 541 1903 retinens,
560 1821 692 1909 integris
714 1820 828 1886 turmis
847 1820 1002 1885 Rheum
1023 1829 1142 1902 perrum-

144 1924 283 2062 Wlilll.
305 1992 412 2060 Julius
434 1993 558 2090 Paulus
571 2006 604 2058 et
618 1992 778 2059 Claudius
793 1988 919 2088 Civilis,
940 1988 1046 2087 Regia
1058 1986 1141 2067 stupa

144 2078 248 2142 multb
266 2088 386 2145 ceteros
408 2081 582 2146 anterbant.
625 2081 767 2145 Paulum
789 2079 945 2143 Fonteius
957 2077 1070 2159 Capito
1082 2070 1142 2134 ms

144 2162 328 2229 rebellionis
356 2164 501 2245 crimine,
524 2164 691 2231 interfecit.
746 2162 877 2244 Injectae
906 2164 1007 2229 Civili
1035 2170 1141 2234 catena,

567 2250 1020 2422 mirumne

143 2417 221 2485 citu.
264 2419 344 2487 Inde
357 2440 463 2487 causa
478 2420 610 2504 irarum,
626 2441 760 2507 spesque
772 2354 921 2485 eprralis
935 2355 1062 2484 nostjrba
1091 2410 1141 2481 Sed

145 2502 270 2587 Civilis,
295 2506 381 2572 ultrir
393 2507 491 2590 quim
514 2508 657 2572 barbaris
677 2508 817 2584 solitum,
845 2506 977 2592 ingenio
998 2507 1100 2581 solers,
1119 2507 1142 2561 el

145 2591 345 2656 ‘Sertorium
363 2594 406 2657 se'
427 2602 484 2657 aut
506 2593 754 2659 ‘Hannibalem'
774 2591 888 2671 ferens,
909 2591 1010 2655 simili
1031 2585 1140 2656 orisds·

36 2718 38 2761 ,
87 2752 89 2758 ,
143 2674 399 2759 hananaeus:
411 2697 453 2745 ns
467 2688 504 2742 nt
519 2679 605 2745 hosti
618 2678 748 2744 obvim
761 2672 869 2757 iretur,
884 2677 911 2741 si
925 2699 945 2741 a
959 2678 1081 2761 Populo
1093 2671 1140 2735 Ro

58 2814 64 2823 .
143 2780 241 2827 mano
262 2760 587 2847 palamdescivissat,
608 2762 796 2847 Vespasiani
814 2762 988 2828 amicitiam
1006 2760 1141 2827 studium

142 2866 207 2931 qus
221 2846 364 2931 partium
376 2849 564 2933 praetsadit:
587 2849 693 2915 missis
708 2849 786 2914 sane
801 2847 842 2912 nd
857 2867 932 2913 eum
947 2848 1048 2912 Primi
1060 2847 1140 2911 Ano

143 2933 191 3001 nii
206 2932 314 3015 litoris,
335 2934 464 3018 quibus,
488 2942 648 3003 ‘avertere
663 2935 766 3000 accim
780 2934 908 2999 Vitellio
922 2935 1046 2999 auxilia
1057 2943 1085 2996 ct
1101 2938 1139 2990 tu·

143 3020 265 3087 multis
288 3021 477 3088 Germanici
490 3020 606 3106 specie,
633 3031 790 3086 retentare
808 3020 960 3105 legicnas'
979 3018 1136 3101 jubebatur.

145 3106 269 3173 Eadem
284 3107 487 3174 Hordeonius
502 3108 643 3174 Flaccus
658 3126 800 3190 pressans
810 3118 988 3185 monuerat,
1004 3103 1136 3192 inclinato

142 3190 179 3255 in
195 3192 428 3276 Vespasianum
444 3193 562 3276 animo,
585 3204 618 3258 st
639 3191 948 3276 Reipublicaecurl13
971 3191 1026 3257 eui
1039 3184 1135 3253 arcib-

142 3295 201 3341 um
215 3276 415 3358 adventabat,
428 3279 459 3343 si
469 3278 720 3366 redintegratum
730 3279 854 3343 bellum
862 3287 894 3343 et
904 3285 951 3340 tot
963 3286 1134 3343 nmirum

36 3378 37 3381 ’
143 3361 248 3429 millia
260 3363 391 3429 Italiam
402 3365 604 3447 irrupissent.

186 3444 276 3512 XIV.
299 3446 402 3532 Igitur
416 3448 542 3530 Civilis,
557 3447 756 3516 desciscendi
771 3432 885 3527 certus,
905 3449 1062 3513 occultato
1074 3444 1132 3508 ints

36 3532 37 3583 ἶ
143 3531 207 3595 rim
220 3531 332 3594 altiore
347 3531 492 3610 consilio,
504 3545 613 3599 cetera
625 3555 668 3600 ex
681 3545 800 3599 eventu
812 3532 1024 3616 judicaturus,
1038 3543 1130 3597 novara

36 3640 38 3685 ῑ
143 3635 194 3680 res
212 3614 275 3678 hoc
294 3615 390 3682 modo
411 3617 517 3700 erepit.
561 3619 661 3684 Jussu
677 3619 808 3700 Vitellii,
830 3620 1026 3687 Batavorum
1041 3615 1129 3699 juran-

143 3709 196 3764 tus
207 3696 248 3764 ad
258 3699 422 3768 delectum
432 3704 624 3787 vocabatur,
646 3706 881 3791 quamsaepe
892 3705 1127 3793 saturigratas
