2392 4050
82 222 118 287 t.
131 224 163 289 G.
179 224 245 312 69.]
353 223 502 287 Hrssoa.
517 220 810 287 hasnonense.
1044 220 1086 284 hl

82 414 147 460 reus
167 396 332 476 inciderat,
354 393 521 459 infirmum
542 404 598 458 aut
620 393 766 459 validum
788 392 992 457 retinebatur.
1036 392 1089 458 Ad

80 482 136 546 hoc
148 482 275 547 terroris
289 493 321 545 et
342 479 470 564 proprii
482 479 517 543 vi
538 480 672 562 Crispus
694 477 893 559 incubuerat,
914 477 1090 544 delatorem

80 567 177 630 fratris
191 568 242 643 sui
258 576 455 651 pervertere:
478 575 681 650 traxeratque
704 585 855 652 magnam
869 564 1005 630 Senatus
1020 585 1090 648 par·

79 663 146 732 tem,
159 662 195 716 ut
210 651 434 717 ‘indefensum
447 661 479 714 et
493 649 758 716 inauditumdedi
769 650 811 714 ad
824 651 968 714 exitium’
982 659 1091 736 postu-

80 739 182 804 larent
226 739 348 803 Contra
361 735 447 819 apud
461 736 541 800 alios
555 736 638 800 nihil
653 742 747 821 oeque
759 756 814 800 reo
824 735 980 818 proderat,
991 737 1091 819 quim

80 823 172 889 nimia
192 823 335 908 potentia
357 822 568 887 accusatoris:
599 822 687 886 ‘dari
700 833 845 906 tempus,
869 822 921 886 edi
943 821 1089 902 crimina,

78 913 216 991 quamvis
240 910 385 973 invisum
399 927 437 972 ac
451 919 630 987 nocentem,
645 927 733 972 more
754 920 861 971 tamen
884 907 1091 974 audiendum'

79 997 252 1060 censebant.
296 996 342 1059 Et
356 994 489 1058 valuere
503 993 616 1078 primb,
637 994 799 1077 dilataque
821 993 856 1056 in
878 1012 1000 1076 paucos
1021 994 1090 1057 dies
1181 1009 1182 1014 ’

79 1082 231 1166 cognitio:
255 1100 333 1144 mox
347 1080 516 1144 damnante
530 1089 578 1144 est
598 1079 749 1161 Faustus,
764 1078 968 1162 nequiquam
988 1099 1027 1144 eo
1043 1098 1091 1142 as-

78 1184 169 1230 sensu
183 1167 332 1247 civitatis,
347 1184 444 1249 quem
458 1166 605 1248 pessimis
614 1164 760 1229 moribus
774 1175 948 1230 meruerat:
970 1164 1091 1249 quippe

80 1251 181 1333 ipsum
196 1253 347 1335 Crispum
369 1249 498 1314 easdem
521 1251 742 1315 accusationes
765 1270 843 1313 cum
856 1250 987 1333 praemio
1002 1271 1092 1315 exer·

79 1337 178 1485 cpisse
195 1338 424 1403 meminerant:
458 1355 518 1401 nec
544 1356 642 1421 poeno
667 1336 821 1418 criminis,
844 1335 901 1400 sed
922 1338 1008 1401 ultor
1029 1335 1092 1399 dis·

78 1422 217 1504 picebat.
1181 1487 1182 1492 ,

118 1510 174 1574 XI.
195 1510 287 1573 Laeta
300 1509 430 1574 interim
445 1507 565 1573 Othoni
581 1507 743 1590 principia
766 1506 853 1586 belli,
868 1506 964 1570 motis
978 1506 1020 1571 ad
1033 1505 1093 1571 im·

77 1593 939 1676 periumejuseDalmatiaPannoniiqueexercitibus.
983 1594 1092 1659 Fuere

79 1690 210 1762 quatuor
225 1680 388 1765 legiones:
413 1701 432 1744 e
454 1680 573 1762 quibus
594 1678 672 1742 bina
694 1680 798 1742 millia
811 1678 995 1762 praemissa3
1018 1680 1094 1763 ipsa

80 1764 207 1830 modicis
230 1766 408 1831 intervallis
430 1763 661 1847 sequebantur:
682 1764 818 1846 septima
842 1784 862 1826 a
885 1764 990 1826 Galba
1016 1784 1093 1829 con·

79 1851 190 1933 scripta
202 1872 211 1932 3
234 1861 394 1926 veteranae
409 1850 582 1915 undecima
596 1855 634 1912 ac
656 1848 872 1912 tertiadecima
886 1859 917 1911 et
931 1849 1093 1935 praecipua

79 1934 159 1998 sami
182 1936 476 2019 quartadecumani,
501 1934 675 1998 rebellione
698 1933 873 1999 Britannia
902 1934 1092 2017 compressa.
1181 1943 1182 1950 ’

81 2020 246 2086 Addiderat
261 2023 398 2110 gloriam
420 2022 515 2103 Nero,
531 2018 691 2107 eligendo,
712 2031 750 2084 ut
763 2018 953 2103 potissimos.
998 2020 1094 2086 Unde
1181 2036 1182 2049 ¹

80 2107 171 2194 longa
183 2109 248 2172 illis
262 2129 340 2195 erga
354 2109 517 2174 Neronem
531 2105 622 2185 fides,
637 2116 669 2168 et
683 2118 789 2169 erecta
802 2105 837 2168 in
854 2105 1017 2170 Othonem
1027 2117 1094 2170 stu-

15 2201 18 2227 *
80 2191 137 2256 dia
178 2194 251 2274 Sed,
266 2196 331 2279 qud
345 2196 420 2278 plus
441 2193 562 2258 virium
584 2212 621 2256 ac
637 2192 769 2271 roboris,
787 2211 805 2255 e
826 2190 946 2257 fiducie
960 2192 1093 2257 tarditas

74 2276 191 2342 'ineram
214 2300 331 2366 agmen
350 2281 517 2368 legionum
538 2281 599 2342 alae
617 2279 828 2360 cohortesque
841 2278 1091 2360 praeveniebant.
1181 2282 1182 2311 l

80 2362 121 2425 Et
133 2384 172 2428 ex
195 2366 263 2449 ipsi
280 2367 358 2429 urbe
373 2364 462 2429 haud
477 2364 657 2446 spernenda
679 2383 804 2442 manus,
818 2362 962 2447 quinque
977 2366 1094 2430 Praeto-

81 2448 129 2515 riae
143 2451 297 2533 cohortes,
315 2462 347 2515 et
369 2453 515 2536 equitum
529 2450 652 2513 vexilla
667 2468 743 2512 cum
761 2450 887 2535 legione
906 2449 1030 2533 prime:
1054 2468 1093 2515 ac

81 2534 212 2600 deforme
228 2538 359 2621 insuper
381 2537 553 2615 auxilium,
577 2536 643 2599 duo
666 2535 768 2598 millia
789 2533 1012 2620 gladiatorum,
1035 2535 1094 2600 sed

81 2638 131 2702 per
144 2622 252 2686 civilia
266 2643 355 2686 arma
368 2624 465 2687 etiam
486 2621 606 2685 severis
622 2619 770 2685 Ducibus
784 2630 986 2705 usurpatum.
1031 2622 1093 2685 His

81 2708 174 2789 copiis
188 2717 291 2772 rector
310 2708 439 2772 additus
454 2706 583 2772 Annius
599 2708 726 2786 Gallus,
741 2724 819 2770 cum
833 2707 987 2771 Vestricio
1010 2707 1093 2791 Spu·
1178 2754 1180 2779 ,

82 2791 169 2856 rinna
193 2793 234 2858 ad
263 2795 468 2878 occupandas
491 2792 571 2855 Padi
594 2793 621 2855 ri
645 2812 680 2855 as
705 2791 908 2876 praemissus:
936 2793 1093 2877 quoniam

82 2877 177 2958 prima
186 2879 399 2955 consiliorum
412 2879 531 2942 frustra
545 2878 610 2942 ceci
635 2888 726 2941 erant
739 2886 936 2964 transgresso
954 2879 1023 2960 jam
1037 2880 1093 2943 At·

82 2964 278 3044 pescaecine,
290 2985 388 3048 quem
396 2964 464 3027 sisti
476 2965 561 3027 intra
571 2964 696 3028 Gallias
706 2981 796 3046 posse
808 2975 996 3047 speraverat.
1041 2966 1093 3048 Ip-

82 3065 148 3113 sum
162 3051 325 3114 Othonem
340 3050 573 3114 comitabantur
594 3049 834 3132 speculatorum
851 3050 934 3114 lecta
948 3068 1091 3133 corpora,
1176 3084 1182 3125 ,ρ

15 3135 16 3216 j
82 3151 151 3199 cum
178 3137 292 3199 ceteris
316 3135 476 3200 Praetoriis
499 3136 693 3213 cohortibus,
719 3135 860 3198 veterani
885 3154 903 3198 e
929 3135 1091 3218 Praetorio,
1177 3136 1182 3175 ³³

15 3223 16 3246 ¹
83 3219 281 3286 classicorum
294 3223 410 3307 ingens
425 3239 591 3285 numerus,
636 3220 704 3285 Nec
716 3219 765 3283 illi
778 3238 877 3305 segne
891 3230 947 3284 aut
961 3241 1092 3306 corrup-
1178 3244 1182 3283 .'

83 3310 146 3370 tum
167 3309 248 3371 luxu
263 3307 340 3372 iter:
364 3306 420 3370 sed
434 3305 534 3371 lorica
548 3305 651 3370 ferree
672 3324 752 3369 usus
773 3316 828 3385 est,
851 3316 882 3370 et
903 3317 977 3371 ante
999 3310 1092 3396 signa

83 3390 225 3472 pedester,
241 3392 401 3472 horridus,
416 3393 586 3471 incomtus,
602 3390 758 3473 famaeque
772 3391 945 3457 dissimilis.

122 3475 195 3541 Xll.
218 3479 447 3543 Blandiebatur
461 3478 573 3562 coeptis
588 3477 743 3556 Fortuna,
758 3481 903 3560 possesse
925 3498 980 3560 per
1003 3498 1092 3544 mare

85 3567 220 3627 etnaves
237 3563 357 3646 majore
381 3563 481 3627 ltaliae
503 3573 602 3646 parte,
628 3562 752 3645 penitds
774 3564 938 3645 usquead
960 3563 1092 3628 initium

85 3647 308 3713 maritimarum
323 3649 477 3732 Alpium:
499 3649 618 3730 quibus
632 3645 792 3712 tentandis
807 3645 1092 3731 aggrediendaeque
1180 3652 1182 3663 ’

85 3733 246 3813 provinciae
269 3734 480 3814 Narbonensi,
505 3733 664 3801 Suedium
686 3734 896 3811 Clementem,
910 3726 1091 3795 Antonium
1179 3742 1182 3805 ς
