2392 4050
100 232 168 301 286
512 233 699 302 Banasam

99 425 154 466 nos
169 407 337 484 eloquentie
357 408 445 468 finem
457 408 642 485 impositurus
657 427 702 478 es,
714 406 804 470 addas
816 406 907 466 velim
921 406 1020 466 uti-rim
1030 405 1081 465 tibi
1092 402 1126 463 sit

100 487 251 547 meliorum
264 500 423 567 temporum
436 508 516 566 spes,
529 501 559 547 et
571 507 635 563 quie
648 488 741 565 possit
753 507 825 546 esse
837 487 1053 546 emendationis
1061 486 1128 544 ratio
1194 565 1195 568 Ἴ

101 565 220 626 doceas.

144 651 191 705 10.
212 647 327 718 Fateor,
336 647 427 722 inquit
439 647 604 717 Maternus,
612 665 660 705 me
677 646 868 723 irrepentibus
890 645 923 704 in
944 645 1042 704 forum
1056 643 1128 702 vitiis
1194 657 1195 668 ¹

100 724 177 786 haud
191 728 373 786 mediocriter
386 727 673 786 fuissecommotum.
715 726 813 803 Magis
827 726 923 783 adhuc
938 745 989 784 rue
1004 724 1128 783 offende-

100 806 158 872 bat
171 807 247 882 qnod
259 808 290 865 in
304 807 367 865 dies
388 806 580 865 invalesceret
593 806 676 864 ferox
689 807 798 876 scelus,
807 805 990 881 pudendum
1006 806 1071 863 evim
1083 804 1128 862 de·

101 884 275 958 fonderetur,
285 887 431 946 exitiabile
442 887 469 943 si
481 888 703 963 impugnaretur.
745 886 993 944 Nondumtamen
1001 882 1128 944 asorenmf

103 966 198 1024 audio
211 966 332 1025 fuissem
345 977 494 1036 retractus,
507 967 539 1024 ni
556 966 595 1024 im
635 965 736 1023 riosior
750 976 851 1024 natura
870 984 919 1023 me
934 965 1036 1022 Musis
1049 964 1128 1021 devo·

102 1044 202 1104 visset
244 1046 362 1104 Certum
382 1046 460 1103 anim
481 1066 516 1105 sc
538 1046 597 1104 dcli
635 1057 726 1104 ratum
745 1045 817 1103 mihi
840 1058 910 1114 erat,
924 1045 1005 1119 quod
1022 1045 1053 1101 in
1073 1042 1129 1100 foro

101 1125 312 1183 nobilissimum
325 1136 355 1183 ot
368 1124 561 1202 incorruptam
579 1136 727 1203 supererat
740 1126 832 1200 sequi,
845 1136 980 1182 veterum
994 1135 1130 1182 oratorum

103 1205 246 1281 exempla,
258 1224 316 1263 non
330 1206 432 1264 eidem
445 1205 614 1282 eloquentia
625 1206 663 1274 vi,
672 1224 757 1280 quam
769 1215 868 1262 nostre
880 1222 939 1261 non
954 1203 1053 1261 ferunt
1064 1214 1130 1260 tem·

102 1303 183 1361 pora,
197 1286 251 1343 aed
267 1285 329 1362 pari
343 1285 501 1343 constantii
516 1285 660 1362 aemulari,
680 1303 732 1361 pro
746 1284 821 1341 virili
833 1295 915 1358 parte
926 1283 1069 1340 adversds
1082 1283 1130 1340 im-

103 1365 241 1423 minentis
264 1365 340 1422 mala
360 1384 407 1422 me
431 1366 595 1442 accingere,
617 1375 646 1422 et
670 1364 777 1422 civium
799 1363 937 1431 fortunas,
952 1363 1129 1439 dignitatem,

104 1443 227 1501 salutem
240 1444 321 1502 tueri.
362 1446 412 1512 At,
434 1456 466 1502 ut
485 1444 571 1502 modd
590 1443 661 1514 dixi,
679 1454 786 1502 naturae
808 1443 865 1499 alid
885 1442 1014 1499 trahenti
1034 1459 1130 1518 parere
1194 1435 1195 1464 ³

100 1522 210 1598 jussus,
225 1523 262 1581 ad
274 1524 457 1598 tranquiliora
470 1535 499 1581 et
519 1524 666 1581 securiora
685 1524 834 1581 Musarum
854 1533 951 1580 castra
972 1521 1129 1597 transfugi:
1194 1523 1195 1600 ζ

104 1601 200 1659 animo
211 1613 307 1660 tamen
320 1602 409 1661 baeret
423 1622 538 1679 semper
546 1603 602 1661 fori
616 1621 696 1660 amor
709 1614 738 1660 et
752 1621 828 1662 cura.

148 1686 195 1739 11.
215 1682 300 1759 Saepe
323 1683 419 1752 edam,
434 1683 499 1740 cim
520 1682 738 1741 meditabundus
759 1682 895 1756 solusque
917 1679 1080 1749 obambulo,
1100 1678 1130 1735 in

105 1758 237 1820 forenses
261 1764 391 1821 revolvor
413 1762 612 1839 cogitationes,
633 1781 803 1836 mecumque
823 1772 924 1837 reputo
944 1760 1054 1816 veteris
1076 1757 1134 1815 elo·

105 1843 229 1915 quentia
238 1862 347 1914 casum,
356 1843 456 1901 diserti
465 1842 555 1901 nostri
565 1843 707 1900 bennonis
717 1842 866 1918 originem,
874 1839 1133 1913 utriusquecausas

106 1930 136 1976 et
148 1921 294 1979 utilitates.
336 1922 414 1988 Quid
427 1918 482 1979 hac
497 1941 584 1997 super
591 1941 623 1980 re
637 1922 709 1981 mihi
720 1922 813 1979 visum
821 1920 984 1995 explicabo,
993 1936 1053 1975 non
1065 1934 1130 1974 con¹

105 1997 265 2058 tradicendi
279 2001 382 2071 studio,
396 2019 489 2074 neque
503 2012 534 2058 ut
547 2018 653 2059 sensus
667 2013 748 2058 meos
761 1999 969 2077 persuadeam
992 1996 1047 2056 sed
1059 2008 1089 2054 ut
1100 1996 1130 2053 in

106 2075 162 2131 hac
177 2077 367 2152 disputatione
381 2090 478 2153 partes
492 2098 573 2135 meas
586 2079 731 2153 impleam,
749 2080 912 2151 nostrisque
935 2077 983 2134 vei
996 2075 1131 2132 discordi·

106 2153 160 2208 bus
175 2156 326 2212 sententiis
339 2156 433 2230 magis
447 2157 595 2214 elucescat
613 2156 728 2212 veritas.
770 2156 907 2230 Ignoscat
926 2155 1026 2227 itaque
1048 2155 1134 2226 Aper,

107 2228 134 2284 si
146 2227 232 2302 hujus
245 2233 383 2304 temporis
394 2232 512 2305 ingenia
525 2233 662 2304 majorum
676 2232 804 2304 ingeniis
814 2249 873 2291 non
886 2232 1054 2296 anteferam,
1067 2230 1133 2283 licet

106 2316 205 2362 nostra
224 2306 340 2365 minime
361 2308 529 2384 deprimam.
572 2308 621 2365 Ne
642 2317 814 2367 succenseat
836 2307 978 2375 Messala,
999 2324 1084 2380 quem
1102 2314 1133 2361 tu

107 2402 229 2460 quoque,
243 2387 389 2457 Secunde,
402 2398 563 2446 assectatus
578 2405 621 2444 es.
662 2387 750 2459 Vitia,
771 2405 833 2461 qna
853 2386 1004 2453 acerrime,
1016 2395 1049 2441 nt
1062 2384 1135 2441 inte·

108 2465 248 2540 gerrimos
261 2466 383 2525 decebat
391 2468 477 2537 viros,
492 2466 670 2543 exagitistis,
679 2485 734 2543 ego
747 2466 852 2543 pariter
866 2466 924 2523 odi.
966 2465 1030 2523 Vos
1039 2474 1134 2521 tamen

107 2542 268 2604 rhetoribus
281 2546 358 2604 haud
368 2547 408 2604 iia
420 2546 550 2605 infensos
564 2547 731 2615 voluissem,
740 2565 799 2604 non
811 2545 887 2620 qudd
900 2563 953 2602 eos
963 2542 1131 2602 renovanda
1194 2580 1195 2613 r

108 2623 277 2698 eloquentie
289 2626 399 2684 habiles
414 2627 588 2695 existimem,
602 2625 655 2683 sed
674 2625 750 2700 quod
768 2626 873 2683 multos
882 2625 1013 2683 noverim
1025 2641 1134 2681 moram

4 2698 5 2710 ¹
108 2703 279 2779 integritate,
300 2706 453 2763 severitate
472 2705 642 2781 disciplina,
654 2705 799 2762 literarum
814 2705 892 2762 cultu
916 2702 1073 2763 formanda
1089 2702 1132 2778 ju·

108 2782 217 2841 ventuti
230 2785 409 2842 utilissimos.
451 2786 517 2844 Hos
531 2785 618 2843 etiam
630 2785 705 2844 inter
725 2803 801 2842 nnus
820 2783 949 2842 eminere
969 2782 1068 2858 coepit,
1086 2781 1134 2855 qvi

108 2874 244 2938 quantum
266 2862 322 2922 hec
346 2864 377 2923 in
399 2883 432 2923 re
454 2866 592 2940 consequi
614 2865 690 2923 valet
713 2863 838 2922 bumana
860 2863 1011 2933 indistria,
1026 2872 1133 2919 tantum

107 2944 261 3021 prestabit.
302 2945 387 3002 Illum
409 2945 487 3022 prior
508 2958 577 3002 artas
598 2944 755 3014 laudasset,
769 2944 914 3002 mirabitur
927 2955 1055 3020 postera.
1097 2941 1134 2999 At

108 3041 147 3083 ne
160 3024 221 3094 tibi,
237 3024 382 3096 Secunde,
400 3044 476 3083 vana
495 3044 564 3102 spes
578 3024 695 3084 illudat:
717 3042 810 3101 neque
831 3023 927 3099 hujus,
947 3040 1042 3098 neque
1063 3020 1132 3079 alias

110 3104 238 3179 cujusvis
261 3106 383 3164 artifieio
402 3105 559 3164 reviviscet
573 3104 745 3178 eloquentia,
757 3122 852 3178 quam,
866 3103 931 3160 cim
941 3097 1136 3191 nondumpnl·

109 3182 249 3242 lultssent
270 3198 374 3245 nostrae
396 3185 487 3243 statis
511 3184 589 3254 vitia,
603 3203 700 3243 rerum
723 3195 752 3241 et
774 3194 934 3259 temporum
959 3190 1132 3241 uacuum
1194 3188 1195 3255 Ῑ

109 3262 284 3323 amissimus.

153 3346 198 3400 12.
220 3343 303 3402 Nihil
317 3346 396 3404 eninr
414 3344 463 3403 hic
486 3355 621 3403 constans
640 3355 670 3402 et
691 3312 847 3403 atemnrm
868 3339 966 3400 omnia
988 3335 1132 3399 mutationi
1194 3376 1195 3379 η

109 3420 241 3479 obnoma
282 3424 376 3497 Atque
390 3435 421 3485 nt
434 3426 600 3500 corporibus
621 3423 803 3493 valetudinis,
816 3424 856 3481 ita
876 3439 989 3499 quoque
1011 3418 1131 3496 ingenii·

109 3497 195 3556 t'atale
210 3511 255 3556 est
271 3519 413 3561 summum
434 3502 572 3560 claritatis
594 3503 812 3562 incrementum.
852 3500 910 3561 Ubi
922 3499 1045 3577 priuatim
1059 3516 1133 3557 erea-

4 3580 5 3587 ’
110 3593 178 3634 cere
192 3597 249 3635 non
262 3591 393 3654 possunt,
405 3581 501 3637 statim
515 3581 697 3652 decrescunt,
712 3594 741 3640 et
755 3599 870 3659 semper
890 3581 919 3639 in
934 3580 1063 3639 deterius
1075 3594 1132 3636 rer·

109 3665 187 3725 gunt.
228 3656 275 3713 Ea
288 3669 334 3714 est
351 3658 538 3716 humanarum
555 3680 650 3718 rernm
664 3680 799 3738 suprema
815 3662 873 3731 lex,
887 3660 936 3718 cui
948 3658 1044 3718 omnis
1058 3668 1130 3727 ntra,
1194 3664 1195 3711 l

109 3741 212 3802 gentes
221 3752 332 3804 omnes,
342 3755 404 3814 que
417 3737 464 3796 sui
479 3738 647 3799 memoriam
660 3741 811 3820 reliquere,
825 3752 891 3803 ante
905 3759 960 3801 uos
970 3747 1128 3821 paruerunt
