2392 4050
136 224 200 291 18⁰
477 223 514 288 0.
530 222 643 287 Gonu.
659 219 797 286 'riom
953 224 1006 312 [A.
1019 222 1058 287 U.
1071 217 1133 285 823.

133 396 259 479 bantur,
285 396 445 479 adjunctis
468 395 584 480 prioris
612 393 686 459 vitm
709 393 920 459 criminibus:
942 414 1046 479 neque
1070 393 1128 477 ipse

134 481 251 566 deerat,
264 483 445 571 arrogantia
461 500 578 545 vocare
592 481 740 557 offensos,
755 479 876 543 nimius
901 499 1124 546 commemonur

132 567 192 650 dis,
206 588 278 652 quar
303 570 476 634 mansisset.
519 567 620 645 Alios,
643 577 680 631 ut
704 565 887 645 ‘imbelles'
907 566 1075 645 Casinam,
1094 575 1133 629 ut·

135 654 370 739 ‘captivamus
392 653 597 731 dediticium‚’
613 654 765 735 increpat.
810 651 906 715 Unde
929 654 1083 735 paulatim
1099 654 1135 716 la

134 740 207 803 vior
218 739 376 823 viliorque
384 739 503 819 haberi,
514 753 663 802 manente
675 747 781 800 tamen
798 737 984 819 inspeciem
999 739 1133 805 amicitia

176 824 333 892 LXXXI.
357 825 419 890 Per
432 843 487 888 eos
502 842 637 902 manses,
651 823 770 907 quibus
782 822 999 905 Vespasianus
1010 826 1134 888 Alexan·

133 909 213 975 drioe
228 921 325 974 statos
340 909 458 977 estivis
472 908 599 974 flatibus
613 907 691 987 dies,
702 919 734 972 et
755 918 841 972 certa
855 908 953 971 maris
966 909 1134 992 opperiens

133 1005 195 1075 tur,
211 997 312 1060 multa
326 995 485 1060 miracula
498 994 643 1073 evenere,
652 1034 656 1039 ·
666 993 737 1078 quis
752 995 826 1058 coeli
840 991 932 1056 favor
945 1004 977 1057 et
997 995 1134 1078 quedam

132 1080 167 1145 in
190 1081 426 1164 Vespasianum
440 1080 608 1146 inclinatio
625 1079 807 1143 Nominum
822 1076 1050 1146 ostenderetur.
1089 1080 1134 1144 Ex

131 1165 223 1251 plebe
236 1166 457 1231 Alexandrini
470 1165 612 1250 quidam,
627 1166 797 1228 oculorum
819 1165 890 1228 tabe
913 1176 1017 1246 notus,
1040 1185 1134 1252 genua

131 1249 201 1332 ejus
217 1250 409 1333 advolvitur,
424 1250 622 1316 ‘remedium
637 1250 796 1314 caecitatis'
811 1268 989 1332 exposcens
1003 1253 1131 1338 gemitu3

130 1336 256 1401 monitu
276 1337 437 1420 Serapidis
453 1337 524 1416 Dei,
539 1356 637 1420 quern
653 1335 761 1399 dedita
769 1334 1054 1434 superstitionibus
1066 1355 1133 1424 gens

131 1431 205 1486 ante
220 1422 300 1488 alios
314 1423 408 1486 colit:
454 1423 685 1504 recabaturque
709 1421 903 1503 Principem,
918 1428 973 1484 ‘ut
993 1443 1092 1508 genas
1108 1432 1134 1485 at

129 1508 301 1572 oculorum
322 1509 413 1572 orbes
427 1442 615 1595 dignaretur
637 1526 818 1592 respergere
840 1507 904 1569 oris
926 1508 1134 1572 excremento!

130 1592 226 1658 Alius
241 1612 375 1658 manum
390 1614 483 1680 aeger,
498 1591 612 1656 eodem
627 1593 697 1656 Deo
712 1602 851 1670 auctore,
867 1598 922 1654 ‘ut
933 1592 1013 1675 pede
1024 1615 1063 1657 ac
1076 1613 1134 1658 ses

129 1677 153 1741 ti
178 1678 209 1742 io
224 1679 362 1744 Gaesuris
376 1680 572 1758 calcaretur,’
583 1678 703 1742 orabat.
747 1676 962 1758 Vespasianus
979 1679 1080 1760 primi
1099 1680 1132 1741 ir-

129 1698 242 1846 ridere,
257 1766 438 1850 aspernari:
461 1775 565 1846 atque,
591 1763 656 1827 illis
681 1763 884 1842 instantibus,
907 1764 1002 1828 nrodb
1024 1763 1132 1829 famam

129 1849 279 1915 vanitatis
294 1861 444 1932 metuere,
465 1848 561 1914 modb
575 1847 793 1914 obsecratione
807 1847 953 1930 ipsorum
967 1861 998 1913 et
1011 1853 1130 1915 vocibus

133 1936 336 2002 adillantium
349 1936 383 2000 in
398 1955 488 2020 spem
503 1933 633 1999 induci:
655 1934 813 2017 postremi
824 1934 999 1999 existimari
1014 1934 1129 1999 amadi·

130 2020 177 2086 cis
187 2019 286 2105 jubet,
300 2042 342 2086 an
357 2022 429 2087 talis
443 2020 570 2086 caecitas
586 2040 624 2084 ac
638 2019 785 2087 debilitas
799 2040 859 2104 ope
874 2019 1023 2089 humani,
1032 2042 1128 2106 super·

127 2105 226 2175 ubiles
240 2107 352 2172 forent.
395 2108 513 2173 Medici
522 2107 610 2171 varie
622 2107 794 2170 disserere:
818 2106 923 2170 ‘Huic
934 2126 1001 2170 non
1012 2124 1127 2173 exesam

126 2192 195 2256 vim
216 2192 358 2272 luminis,
372 2203 404 2255 et
426 2194 609 2272 redituram,
625 2192 653 2254 si
674 2192 869 2276 pellerentur
893 2193 1065 2256 obstantia:
1084 2190 1125 2255 illi

127 2276 253 2361 elapsos
266 2278 300 2342 in
316 2297 452 2362 pravum
466 2289 563 2357 artus,
574 2277 603 2340 si
623 2278 761 2341 salubris
775 2277 825 2340 vis
836 2274 1033 2357 adhibeatur,
1046 2294 1125 2361 po&

125 2359 289 2450 integrari.
332 2363 370 2427 ld
392 2362 524 2429 fortasse
547 2364 633 2428 cordi
657 2364 745 2443 Deis,
764 2372 795 2427 et
820 2361 943 2426 Divino
965 2359 1125 2427 ministerio

126 2447 312 2534 Principem
339 2451 496 2514 electum:
530 2448 671 2531 denique
699 2447 813 2532 patrati
842 2447 975 2512 remedii
1002 2448 1124 2535 gloriam

167 2554 224 2599 nes
253 2536 416 2601 Caesarem
429 2536 522 2601 ‘irriti
543 2534 728 2601 ludibrium
756 2552 854 2616 penes
883 2534 1023 2613 miseros,
1050 2532 1124 2596 sore?

142 2620 229 2705 gitur
242 2620 467 2704 Vespasianus,
479 2633 597 2685 cuncta
611 2619 747 2685 fortuna
762 2638 831 2683 suoe
845 2629 953 2702 patere
968 2630 1057 2700 ratus,
1071 2635 1124 2681 uec

124 2705 299 2788 quicquam
320 2707 406 2770 uitri
420 2706 616 2783 incredibile,
639 2708 713 2771 laeto
736 2704 804 2788 ipse
819 2707 923 2784 vultu,
937 2705 1045 2784 creati,
1058 2722 1121 2786 qua

124 2789 257 2869 astabat,
277 2790 493 2872 multitudine,
512 2790 605 2873 jussa
625 2789 801 2875 exequitur.
845 2790 962 2857 Statim
982 2807 1121 2855 conversa

123 2873 165 2939 ad
186 2893 283 2941 ustrrn
302 2896 426 2957 manus,
442 2895 480 2941 ac
502 2898 586 2943 caeco
608 2878 728 2942 reluxit
749 2876 826 2939 dies.
870 2877 1053 2961 Utrumque,
1069 2871 1119 2956 qui

125 2961 307 3044 interfuere,
336 2982 426 3028 nunc
453 2982 581 3047 quoque
605 2971 790 3051 memorant,
814 2974 984 3047 postquam
1004 2961 1118 3026 nullum

115 3048 293 3113 ‘mendacio
308 3050 457 3133 pretium.
934 3105 937 3110 .

166 3133 344 3199 LXXXll.
368 3134 473 3201 Altior
487 3134 563 3199 inde
577 3133 775 3217 Vespasiano
796 3132 914 3216 cupido
928 3129 1059 3197 meandi
1073 3147 1116 3222 sa7

122 3238 210 3282 eram
225 3219 391 3301 sedem,'ut
404 3240 500 3304 super
514 3221 609 3285 rebus
625 3218 755 3302 Imperii
771 3220 961 3285 consuleret.
1004 3220 1115 3283 ‘Arcen

122 3304 242 3385 templu
257 3309 410 3386 cunotos,’
422 3307 531 3387 jubet:
554 3316 649 3389 atque
663 3305 826 3390 ingressus
840 3305 1039 3387 intentusque
1055 3298 1114 3363 Nu·

121 3386 211 3467 mini,
238 3390 378 3471 respexit
399 3392 482 3473 pone
504 3403 631 3476 tergum
652 3410 671 3453 e
691 3389 884 3475 primoribus
906 3389 1113 3475 AEgyptiorum

120 3472 252 3536 nomine
276 3472 481 3555 Basiliden;
502 3495 601 3556 quem
624 3476 736 3557 procul
766 3476 965 3540 alexandriis
990 3470 1110 3558 plurium

120 3552 249 3618 dierum
262 3552 376 3618 itinere
391 3567 422 3620 et
436 3582 460 3622 ae
485 3576 520 3620 ro
542 3578 674 3640 corpore
696 3559 831 3623 detineri
854 3561 941 3626 haud
957 3556 1107 3646 ignorabat

120 3635 353 3731 percunctatur
362 3579 558 3720 Sacerdotes,
571 3649 671 3706 ‘num
679 3644 735 3708 illo
745 3644 798 3708 die
808 3644 966 3710 Basilides
977 3641 1106 3726 templum

118 3721 261 3785 ruissetl'
280 3735 505 3804 percunctatur
526 3725 649 3806 obvios,
665 3736 764 3793 ‘num
786 3729 822 3794 in
847 3731 927 3795 urbe
946 3730 1030 3795 visus
1045 3722 1075 3786 sit
1083 3718 1104 3781 l'
