2392 4050
130 228 193 291 reo
400 227 636 296 mucosa.
652 205 788 294 mem
952 230 1116 317 [aucta

128 398 250 479 Vocati,
265 391 320 483 qui
336 402 562 488 arguebantur.
608 401 652 465 Et
667 400 796 488 cogniti
811 400 918 482 causi,
934 401 968 466 in
982 401 1116 467 convictor

129 485 340 550 vindicatum.
386 486 605 570 additumque
631 487 767 553 Senatus
790 488 983 566 consultum,
1004 508 1061 571 quo
1077 488 1117 551 Se·

127 571 281 639 nensium
303 572 412 660 plebes
434 572 597 640 modestia
620 573 854 638 admoneretur.
898 573 1016 638 lisdem
1031 573 1118 636 diebus

128 656 292 722 Antonius
306 658 457 724 Flamma
472 659 713 742 Cyrenensibus
727 658 899 724 damnatur
919 659 990 746 lege
1003 669 1120 742 repetnn·

127 741 252 822 darum,
267 754 298 806 et
312 743 411 807 exilio
426 745 467 808 ob
481 743 649 810 saevitiam„
1075 817 1077 822 ,

170 828 288 895 XLVI.
312 829 478 913 Interque
493 828 640 894 militaris
654 829 769 896 seditio
782 829 881 913 prope
896 829 1022 898 exemit.
1056 829 1122 895 Pra

128 913 286 978 torinnam
308 914 458 978 militiam
471 915 656 997 repetebant
669 936 689 980 a
703 914 832 982 Vitellio
845 916 981 995 dimissi,
1000 934 1055 999 pro
1067 916 1122 978 les

125 999 258 1095 pasiano
272 1000 477 1086 congregati:
498 1011 531 1063 et
541 1000 670 1065 illectus
686 1000 720 1065 in
734 1001 870 1067 eandem
883 1020 984 1084 spem,
998 1000 1122 1084 elegiar-

125 1085 198 1148 rbus
228 1083 321 1148 miles
348 1085 506 1168 promissa
528 1086 687 1169 stipendia
712 1086 893 1170 flagitabat:
916 1106 958 1150 ne
984 1083 1123 1152 Vitelliani

124 1168 257 1252 quidem
270 1170 340 1235 sine
355 1172 457 1236 multi
468 1170 555 1235 caede
571 1172 650 1256 pelli
665 1182 833 1255 poterant3
855 1172 912 1235 sed
925 1172 1076 1238 immensa
1086 1188 1123 1252 pe

125 1253 224 1319 cunia
238 1254 412 1336 dicebatur,
426 1258 492 1339 qui
505 1267 595 1321 tanta
608 1258 660 1321 vis
685 1257 855 1323 hominurn
880 1257 1046 1322 retinenda
1066 1264 1124 1320 erat

123 1340 291 1423 Ingressus
306 1353 410 1408 cestra
425 1341 691 1426 Mucianusque
716 1342 832 1408 rectiirs
857 1342 1017 1426 stipendia
1036 1343 1124 1425 singn-

123 1423 231 1490 loruru
251 1436 415 1523 spectaret,
430 1427 498 1492 suis
521 1447 598 1492 cum
623 1427 805 1515 insignibus
830 1428 991 1511 armisque
1011 1429 1125 1492 victores

123 1511 299 1590 constiturt,
324 1512 459 1578 modicis
480 1513 563 1577 inter
581 1534 622 1598 ,se
646 1513 756 1597 spatiis
782 1513 944 1578 discretos.
990 1510 1125 1580 Tumli·

123 1595 256 1677 tellinni,
271 1618 352 1681 quos
377 1599 465 1681 apud
479 1596 625 1663 Bovillas
647 1600 679 1663 in
695 1599 891 1664 deditionem
915 1610 1059 1682 acceptos
1077 1615 1125 1690 nc·

124 1682 332 1765 moravinrus,
348 1685 507 1768 ceterique
518 1703 574 1767 per
589 1685 705 1750 urbem
718 1696 750 1750 et
763 1685 836 1750 urbi
845 1684 954 1749 vicina
968 1682 1125 1768 conquirit,

122 1766 347 1850 producuntur
374 1772 472 1853 prope
503 1771 621 1834 intecto
650 1788 792 1853 corpore.
847 1770 942 1834 ‘Eos’
973 1769 1124 1834 Mucianus

122 1852 262 1935 ‘diduci
276 1865 308 1918 et
323 1856 557 1921 Germanicum
578 1854 867 1940 Britannicumque
891 1854 1037 1935 militem,
1056 1850 1125 1917 acsi

123 1938 180 2022 qui
194 1939 333 2005 aliorum
343 1943 554 2020 exercituum,
568 1942 739 2024 separatim
753 1940 917 2022 assistere,'
926 1939 1027 2021 jubet
1066 1939 1125 2002 Illos

123 2026 247 2108 primus
272 2026 380 2091 statim
404 2038 550 2111 aspectus
574 2026 846 2110 obstupefecerat:
868 2033 943 2093 cum
956 2047 999 2091 ex
1022 2027 1125 2090 diverso

122 2111 213 2174 velut
227 2112 339 2190 aciem,
355 2113 425 2176 telis
439 2125 471 2176 et
485 2114 583 2177 armis
606 2122 740 2193 trucem,
755 2123 854 2178 semet
876 2113 1007 2176 clausos
1029 2109 1124 2176 nudos

143 2215 184 2258 ue
199 2207 230 2260 et
252 2195 367 2271 illuvie
388 2197 554 2279 deformes,
582 2198 769 2281 aspicerent.
813 2199 857 2264 Ut
872 2198 950 2262 verb
975 2199 1040 2263 huc
1063 2195 1124 2286 illuc

122 2215 257 2345 distrahi
273 2282 407 2365 coeprire,
418 2294 522 2348 metus
538 2292 593 2368 per
608 2303 720 2348 omnes
734 2295 766 2346 et
781 2282 877 2367 praeci
900 2303 945 2349 ua
960 2278 1124 2347 Germanici

122 2366 242 2445 militis,
257 2365 404 2449 formido,
419 2381 572 2453 tanquam
587 2369 626 2433 ei
638 2370 836 2452 separatione
916 2367 1041 2434 cadem
1052 2363 1124 2430 desti·
1162 2442 1165 2457 Ι

121 2464 297 2518 narentur:
319 2473 468 2537 prensare
479 2453 807 2538 commanipularium
817 2465 954 2537 pectora,
967 2453 1124 2519 cervicibus
1162 2476 1165 2485 ·

120 2537 250 2620 innecti,
266 2558 416 2622 suprema
427 2541 539 2604 oscula
549 2551 665 2623 petere,
681 2546 741 2604 ‘ne
751 2539 971 2604 desererentur
987 2538 1056 2617 soli,
1067 2553 1124 2612 neu,

121 2622 155 2687 in
171 2623 240 2706 pari
256 2625 363 2704 causi,
378 2625 538 2708 disparem
552 2626 716 2690 fortunam
738 2634 940 2710 paterentur:
963 2625 1058 2690 modi
1071 2621 1125 2686 Mu·

120 2708 261 2789 cinnum,
284 2710 388 2783 modb,
402 2712 567 2776 absentem
590 2712 784 2793 Principem,
806 2711 1002 2794 postremum
1026 2711 1125 2774 coelun

121 2798 159 2858 ac
183 2794 271 2858 Deos
296 2796 463 2860 obtestari:
484 2797 587 2862 donec
618 2796 811 2878 Mucianus„
826 2803 979 2861 ‘cunctos
1001 2793 1125 2877 ejusden

120 2881 317 2961 sacramenti,
332 2880 479 2963 ejusdem
501 2883 706 2965 Imperatoris
732 2881 856 2948 milites'
871 2879 1124 2963 appollinarem

119 2966 225 3032 timori
240 2966 369 3034 obviim
383 2968 452 3032 iret.
497 2969 645 3051 Namque
659 2977 691 3030 et
705 2967 809 3031 victor
829 2966 990 3031 exercitus
1005 2968 1123 3056 clamore

120 3054 280 3137 lacrymas
295 3073 407 3121 eornm
427 3053 571 3135 juvabat.
615 3054 713 3135 Isque
737 3052 812 3117 finis
836 3051 895 3116 illa
918 3050 982 3119 die.
1025 3053 1122 3117 Punctt

119 3139 191 3222 pbst
205 3137 328 3219 diebus,
344 3141 561 3223 alloquentem
584 3139 808 3202 Domitianum
832 3137 950 3202 firmati
963 3138 1032 3220 jam
1051 3151 1122 3199 exce

119 3224 205 3307 pire.
249 3224 413 3306 Spernunt
437 3226 560 3289 oblatos
586 3243 699 3309 agros:
724 3223 894 3287 ‘militiam
916 3233 950 3286 et
974 3214 1121 3307 stipendia'

120 3319 222 3372 orant.
267 3310 383 3373 Preces
397 3323 495 3390 erant,
512 3309 568 3374 sed
582 3309 701 3392 quibus
724 3308 900 3373 contradici
925 3327 991 3373 non
1016 3312 1121 3392 postet:

28 3415 32 3429 >
119 3393 217 3478 igitur
231 3393 266 3454 in
289 3394 480 3459 Praetorium
493 3395 625 3478 accepti.
655 3395 766 3473 Dein,
781 3394 900 3476 quibus
915 3405 992 3460 aetas
1005 3407 1035 3457 et
1051 3389 1120 3472 jusu

118 3476 284 3559 stipendia,
299 3477 422 3542 dimissi
436 3498 514 3542 curn
528 3480 658 3559 honore,
674 3480 730 3545 alii
747 3481 788 3543 ob
810 3480 962 3561 culpam;
985 3478 1038 3544 md
1050 3491 1119 3567 carp

119 3561 178 3624 tim
193 3580 230 3623 ac
246 3561 384 3644 singuli:
407 3581 472 3644 quo
495 3563 654 3628 tutissimo
670 3563 811 3628 remedio
835 3582 1012 3629 consensus
1032 3559 1117 3627 multt-

120 3643 242 3708 tudinis
256 3653 459 3708 extenuatur.

123 3776 126 3783 -
163 3727 296 3796 XLVII.
321 3729 468 3796 Ceterum
482 3729 602 3795 verine
617 3732 778 3817 pauperie,
794 3753 836 3799 en
846 3735 896 3800 uti
908 3734 1115 3812 videreturne
