2392 4050
103 245 166 312 196
368 308 374 319 ,
444 245 483 317 G.
498 245 610 313 Coun.
626 244 762 311 Trerrr
924 243 975 334 [A.
989 242 1111 309 Usus

100 417 249 483 nitudine
277 417 443 503 potiorem.
486 418 548 483 His
574 417 699 484 flumen
723 415 923 500 secundnm
948 416 998 481 illi
1020 427 1111 480 rento

101 504 291 599 agebantur.
334 503 390 570 Sic
405 505 564 588 provecti,
579 515 699 569 tentato
721 503 845 568 levium
868 504 1006 569 telonrm
1019 502 1110 585 jectu,

99 588 306 657 dirimuntur.
350 588 474 671 Civilis,
500 589 581 656 nihil
610 592 696 657 ultri
716 609 826 669 eustrs,
852 599 939 653 truns
968 588 1111 653 Rhenum

99 675 267 741 concessit.
311 675 455 758 Cerialis,
469 675 612 743 insulem
632 677 831 741 Batavorum
853 674 1008 739 hostiliter
1021 693 1114 758 popu·

97 760 193 842 letus,
207 766 307 849 egros
315 762 473 845 ridesque
495 762 613 827 Civilis
632 760 775 842 intectos,
790 761 867 824 noti
889 770 956 823 erte
979 761 1114 836 Ducum,

98 845 241 912 sinebat:
263 849 337 912 edm
350 846 581 913 interludere
604 848 752 913 autumni
765 857 799 909 et
823 845 943 911 crebris
964 865 1020 929 per
1043 847 1114 929 hye

97 951 185 1000 mern
198 932 364 1013 imbribus,
378 932 568 1017 superfusus
579 933 688 1000 emnis
702 935 878 1020 palustrem
897 932 1113 1014 humilemque

96 1017 240 1083 insulem
253 1019 288 1085 in
303 1017 418 1083 sociem
431 1017 538 1105 stagni
552 1020 716 1117 opplevit:
739 1039 800 1084 nee
823 1017 935 1082 elusis
956 1027 1012 1082 eut
1033 1036 1113 1080 com·

96 1112 226 1254 fugem
237 1102 389 1169 ederumr
411 1115 580 1191 uestraque
591 1125 627 1173 ru
647 1107 745 1191 pleno
758 1104 830 1186 site,
842 1103 878 1167 ri
896 1100 1042 1168 fluminis
1060 1100 1115 1166 dii·

128 1207 164 1252 re
226 1197 291 1255 tur.
904 1222 907 1227 -
979 1224 982 1229 ·

139 1273 266 1340 XXIV.
287 1275 455 1341 ‘Potuimo
476 1286 557 1342 tunc
577 1270 720 1359 «opprimi
744 1273 903 1362 legiones,⁴
919 1282 953 1337 et
976 1273 1112 1339 voluisse

28 1374 34 1387 ·
96 1360 287 1442 Germanos,
301 1360 358 1426 sed
370 1362 482 1428 dolos
502 1382 537 1426 re
558 1361 678 1447 noros:
692 1360 863 1444 imputavit
888 1358 1012 1424 Civilis.
1054 1358 1112 1423 Ne-

93 1464 159 1528 que
172 1446 319 1512 abhorret
333 1465 419 1526 vero,
434 1446 692 1531 quandopeueis
702 1447 773 1532 pdst
782 1445 896 1510 diebus
906 1444 1025 1509 deditio
1033 1444 1110 1507 inse·

93 1541 171 1595 cute
191 1541 248 1597 est.
291 1532 378 1598 Num
402 1533 542 1597 Cerialis
564 1550 621 1617 per
643 1533 789 1597 occultos
813 1531 948 1595 nuntios
967 1529 1108 1595 ‘Beteris

94 1635 218 1700 pacem,
241 1616 342 1682 Civili
364 1617 514 1700 renium?
528 1628 702 1697 ostentans,
723 1616 887 1697 Veledam,
908 1616 1110 1700 propinquos·

94 1720 158 1786 que
172 1704 331 1783 monebat,
348 1703 529 1769 ‘inmunem
543 1703 629 1785 helli,
644 1715 691 1768 tot
711 1702 860 1768 cladibus
873 1701 1046 1782 adversam,
1059 1719 1109 1783 op

138 1797 238 1854 rtuno
244 1808 321 1877 erge
332 1790 495 1873 Populum
507 1789 694 1854 Romanum
705 1788 819 1853 merito
830 1801 964 1852 mutere.
1006 1787 1107 1851 Otreos

103 1890 105 1897 ⁰
130 1892 267 1956 rereros,
280 1888 424 1960 receptos
447 1875 557 1957 Ubios,
579 1887 720 1959 ereptum
735 1874 865 1939 uuam
886 1872 1038 1958 putrium:
1058 1890 1107 1936 oe·

94 1977 159 2043 que
173 1961 263 2027 uliud
278 1960 549 2028 Oivilis'mnicitii
563 1972 719 2048 peretum,
733 1961 832 2044 quim
851 1961 997 2040 vulnera,
1009 1956 1103 2044 fuge,

93 2046 224 2115 luctus:
246 2049 378 2128 exulem
395 2061 472 2114 eum
485 2059 517 2115 et
535 2057 698 2113 extorrem
718 2045 939 2130 reeipentibus⁴
952 2044 1059 2109 oneri:
1076 2054 1105 2107 et

93 2131 170 2196 sutis
182 2134 374 2217 peccavisse,
390 2131 477 2224 qudd
491 2134 607 2200 totiens
620 2132 774 2197 Rhenum
792 2130 1061 2196 transcenderint:
1078 2128 1104 2191 si

92 2216 173 2299 quid
189 2217 272 2283 ultre
293 2218 478 2301 moliuntur,
493 2218 569 2285 inde
590 2217 745 2301 injurium
766 2226 799 2281 et
811 2218 951 2304 eulpam,
966 2215 1041 2280 hinc
1059 2214 1103 2279 nl

93 2302 215 2367 tionem
229 2316 261 2369 et
276 2303 362 2369 Deos
375 2303 461 2372 sore!

136 2387 245 2458 XXV.
267 2389 486 2458 Miscebantur
519 2389 620 2458 minis
676 2387 818 2455 remisse.
869 2388 925 2468 Et,
954 2382 1100 2452 contusi

92 2474 423 2542 Transrhenanorum
447 2477 520 2557 fide,
535 2477 620 2543 inter
689 2485 781 2538 turos
801 2492 931 2559 quoque
950 2487 1100 2538 sermones

89 2562 174 2626 orti:
198 2569 282 2626 ‘non
296 2562 537 2648 prorogandum
547 2562 634 2626 ultre
647 2560 797 2626 ruinam:
817 2579 880 2624 nec
891 2578 982 2643 posse
992 2558 1031 2622 uh
1043 2553 1099 2621 uui

90 2646 222 2712 natione
236 2649 334 2711 totius
357 2646 445 2713 orbis
455 2647 629 2712 servitium
649 2645 777 2730 depelli.
820 2644 913 2716 Quid
937 2643 1099 2729 perfeetum

94 2731 181 2795 caede
194 2742 226 2795 et
239 2730 400 2797 incendiis
423 2732 604 2819 legionum
614 2730 679 2796 nisi
700 2743 738 2795 ut
757 2731 866 2816 plures
879 2728 1100 2811 validioresque

93 2816 300 2882 eceirenturi
343 2818 379 2882 Si
391 2817 587 2902 Vespasiano
598 2818 724 2882 bellum
738 2816 939 2897 necaverint,
949 2813 1100 2900 vespesie

92 2922 176 2968 nurn
186 2923 294 2968 rerum
308 2901 401 2989 potiri
414 2925 422 2988 3
436 2903 496 2967 ein
512 2904 675 2988 Populum
689 2901 874 2967 Romanurn
887 2900 985 2966 ermis
998 2917 1097 2985 provo

93 2999 177 3071 cent,
191 3000 322 3074 quotum
333 2998 456 3074 purtem
466 2990 595 3076 generis
604 2988 739 3054 humani
753 2988 891 3053 Batavos
901 2988 994 3067 esse?
1014 2981 1097 3067 rupi

93 3086 202 3141 serent
219 3076 348 3141 Rhetos
362 3075 560 3159 Noricosque
572 3083 607 3137 et
621 3084 801 3139 ceterorum
814 3091 914 3136 onore
932 3071 1096 3136 sociorum:

91 3161 154 3224 sibi
169 3181 236 3225 non
251 3164 379 3241 tributu,
393 3161 451 3226 sed
465 3161 619 3227 virtutem
630 3171 663 3225 et
677 3161 764 3226 viros
784 3157 906 3224 indici:
927 3156 1095 3243 proximum

91 3244 126 3310 id
142 3246 295 3331 libertati3
317 3249 402 3328 etsi,
423 3246 626 3316 dominorum
645 3246 760 3310 electio
779 3243 830 3324 sit,
845 3241 1006 3310 honestius
1019 3239 1096 3306 Prin

91 3330 177 3415 cipes
190 3330 421 3415 Romanorum,
436 3333 535 3417 quum
548 3334 786 3399 Germanorum
800 3327 948 3395 suminus
964 3323 1094 3395 tolerari’

91 3417 174 3481 Haee
196 3418 327 3501 vulgus.
371 3418 543 3483 Procerus:
567 3419 739 3483 ‘utrociore
762 3413 880 3480 Civilis
903 3416 989 3480 rehie
1008 3419 1094 3476 semet

91 3502 126 3565 in
148 3520 238 3564 urmu
251 3510 375 3565 trusos:
398 3502 493 3565 illum
514 3501 696 3567 domesticis
710 3500 804 3566 mulis
825 3500 990 3566 excidium
1059 3494 1093 3557 lit

76 3584 299 3667 ,opposuisset
320 3597 399 3649 tunc
414 3584 556 3651 infensos
575 3587 707 3652 Beteris
727 3587 823 3665 Deos,
837 3590 910 3652 clim
931 3587 996 3651 ohs'
1082 3614 1093 3632 ·

90 3677 144 3761 tur
158 3668 301 3753 legiones
323 3668 577 3746 interficerentur
599 3671 723 3771 Legati?
739 3670 860 3735 bellum
884 3672 944 3735 uni
966 3684 1092 3760 ow

90 3767 186 3831 rrum,
209 3750 307 3818 femie
331 3753 409 3837 ipsis
432 3763 639 3821 sumeretur..
665 3757 807 3823 Ventum
830 3756 871 3822 ed
896 3766 1039 3834 extreme,
1060 3766 1091 3815 nt
