<?xml version="1.0" encoding="UTF-8"?>
<!DOCTYPE html PUBLIC "-//W3C//DTD XHTML 1.0 Transitional//EN"
    "http://www.w3.org/TR/xhtml1/DTD/xhtml1-transitional.dtd">
<html xmlns="http://www.w3.org/1999/xhtml" xml:lang="en" lang="en">
 <head>
  <title>
</title>
<meta http-equiv="Content-Type" content="text/html;charset=utf-8" />
  <meta name='ocr-system' content='tesseract 3.04.00' />
  <meta name='ocr-capabilities' content='ocr_page ocr_carea ocr_par ocr_line ocrx_word'/>
</head>
<body>
  <div class='ocr_page' id='page_1' title='image "./ccorneliitaciti37tacigoog_0158.png"; bbox 0 0 2392 4050; ppageno 0'>
   <div class='ocr_carea' id='block_1_1' title="bbox 68 197 1075 308">
    <p class='ocr_par' dir='ltr' id='par_1_1' title="bbox 68 197 1075 308">
     <span class='ocr_line' id='line_1_1' title="bbox 68 197 1075 308; baseline -0.003 -43"><span class='ocrx_word' id='word_1_1' title='bbox 68 199 103 265; x_wconf 77' lang='lat' dir='ltr'><strong>A.</strong></span> <span class='ocrx_word' id='word_1_2' title='bbox 119 199 230 291; x_wconf 79' lang='lat' dir='ltr'><strong>O.69.]</strong></span> <span class='ocrx_word' id='word_1_3' title='bbox 335 200 487 267; x_wconf 78' lang='lat' dir='ltr'><strong>Hieron.</strong></span> <span class='ocrx_word' id='word_1_4' title='bbox 501 197 582 266; x_wconf 68' lang='lat' dir='ltr'><strong>Luc</strong></span> <span class='ocrx_word' id='word_1_5' title='bbox 596 197 795 308; x_wconf 72' lang='lat' dir='ltr'><strong>Secounos.</strong></span> <span class='ocrx_word' id='word_1_6' title='bbox 1030 197 1075 263; x_wconf 75' lang='lat'><strong>75</strong></span> 
     </span>
    </p>
   </div>
   <div class='ocr_carea' id='block_1_2' title="bbox 60 369 1172 2943">
    <p class='ocr_par' dir='ltr' id='par_1_2' title="bbox 61 369 1079 886">
     <span class='ocr_line' id='line_1_2' title="bbox 65 369 1078 457; baseline 0 -22"><span class='ocrx_word' id='word_1_7' title='bbox 65 383 115 438; x_wconf 86' lang='lat' dir='ltr'><strong>ret</strong></span> <span class='ocrx_word' id='word_1_8' title='bbox 157 374 294 439; x_wconf 83' lang='lat' dir='ltr'><strong>Cluvius</strong></span> <span class='ocrx_word' id='word_1_9' title='bbox 314 374 480 439; x_wconf 85' lang='lat' dir='ltr'><strong>comitatui</strong></span> <span class='ocrx_word' id='word_1_10' title='bbox 502 372 664 457; x_wconf 89' lang='lat' dir='ltr'><strong>Principis</strong></span> <span class='ocrx_word' id='word_1_11' title='bbox 686 370 839 453; x_wconf 85' lang='lat' dir='ltr'><strong>adjectus,</strong></span> <span class='ocrx_word' id='word_1_12' title='bbox 860 388 928 435; x_wconf 89' lang='lat' dir='ltr'><strong>non</strong></span> <span class='ocrx_word' id='word_1_13' title='bbox 950 369 1078 435; x_wconf 74' lang='lat' dir='ltr'><strong>ademti</strong></span> 
     </span>
     <span class='ocr_line' id='line_1_3' title="bbox 65 455 1078 544; baseline 0.001 -23"><span class='ocrx_word' id='word_1_14' title='bbox 65 458 223 542; x_wconf 75' lang='lat' dir='ltr'><strong>Hispania,</strong></span> <span class='ocrx_word' id='word_1_15' title='bbox 237 480 337 544; x_wconf 89' lang='lat' dir='ltr'><strong>quam</strong></span> <span class='ocrx_word' id='word_1_16' title='bbox 350 461 433 526; x_wconf 82' lang='lat' dir='ltr'><strong>rexit</strong></span> <span class='ocrx_word' id='word_1_17' title='bbox 447 462 571 538; x_wconf 78' lang='lat' dir='ltr'>absens,</span> <span class='ocrx_word' id='word_1_18' title='bbox 582 460 733 543; x_wconf 87' lang='lat' dir='ltr'><strong>exemplo</strong></span> <span class='ocrx_word' id='word_1_19' title='bbox 744 458 782 523; x_wconf 89' lang='lat' dir='ltr'><strong>L.</strong></span> <span class='ocrx_word' id='word_1_20' title='bbox 793 455 950 521; x_wconf 79' lang='lat' dir='ltr'><strong>Arruntii</strong></span> <span class='ocrx_word' id='word_1_21' title='bbox 986 455 1078 522; x_wconf 83' lang='lat' dir='ltr'><strong>Eum</strong></span> 
     </span>
     <span class='ocr_line' id='line_1_4' title="bbox 65 539 1078 626; baseline 0 -19"><span class='ocrx_word' id='word_1_22' title='bbox 65 543 209 610; x_wconf 80' lang='lat' dir='ltr'><strong>Tiberius</strong></span> <span class='ocrx_word' id='word_1_23' title='bbox 223 546 331 610; x_wconf 68' lang='lat' dir='ltr'><strong>cesar</strong></span> <span class='ocrx_word' id='word_1_24' title='bbox 343 548 385 610; x_wconf 89' lang='lat' dir='ltr'><strong>ob</strong></span> <span class='ocrx_word' id='word_1_25' title='bbox 398 557 530 626; x_wconf 91' lang='lat' dir='ltr'><strong>metum,</strong></span> <span class='ocrx_word' id='word_1_26' title='bbox 550 545 701 610; x_wconf 77' lang='lat' dir='ltr'><strong>Vitellius</strong></span> <span class='ocrx_word' id='word_1_27' title='bbox 724 541 882 608; x_wconf 77' lang='lat' dir='ltr'><strong>Cluvium</strong></span> <span class='ocrx_word' id='word_1_28' title='bbox 903 543 996 606; x_wconf 78' lang='lat' dir='ltr'><strong>nulli</strong></span> <span class='ocrx_word' id='word_1_29' title='bbox 1017 539 1078 607; x_wconf 84' lang='lat' dir='ltr'><strong>lor·</strong></span> 
     </span>
     <span class='ocr_line' id='line_1_5' title="bbox 62 626 1077 710; baseline -0.001 -17"><span class='ocrx_word' id='word_1_30' title='bbox 62 629 173 695; x_wconf 82' lang='lat' dir='ltr'>midine</span> <span class='ocrx_word' id='word_1_31' title='bbox 186 632 351 695; x_wconf 83' lang='lat' dir='ltr'><strong>retinebat.</strong></span> <span class='ocrx_word' id='word_1_32' title='bbox 394 632 469 710; x_wconf 72' lang='lat' dir='ltr'><strong>Non</strong></span> <span class='ocrx_word' id='word_1_33' title='bbox 491 632 579 696; x_wconf 88' lang='lat' dir='ltr'><strong>idern</strong></span> <span class='ocrx_word' id='word_1_34' title='bbox 601 630 768 694; x_wconf 73' lang='lat' dir='ltr'>Trebellio</span> <span class='ocrx_word' id='word_1_35' title='bbox 790 626 936 694; x_wconf 80' lang='lat' dir='ltr'><strong>Maximo</strong></span> <span class='ocrx_word' id='word_1_36' title='bbox 951 628 1077 693; x_wconf 88' lang='lat' dir='ltr'><strong>honos:</strong></span> 
     </span>
     <span class='ocr_line' id='line_1_6' title="bbox 62 713 1079 798; baseline 0.001 -22"><span class='ocrx_word' id='word_1_37' title='bbox 62 714 240 798; x_wconf 74' lang='lat' dir='ltr'><strong>profugerat</strong></span> <span class='ocrx_word' id='word_1_38' title='bbox 250 716 428 797; x_wconf 65' lang='lat' dir='ltr'><strong>Britanniis,</strong></span> <span class='ocrx_word' id='word_1_39' title='bbox 442 717 484 781; x_wconf 92' lang='lat' dir='ltr'><strong>ob</strong></span> <span class='ocrx_word' id='word_1_40' title='bbox 498 716 702 781; x_wconf 67' lang='lat' dir='ltr'><strong>iracundiam</strong></span> <span class='ocrx_word' id='word_1_41' title='bbox 715 714 876 780; x_wconf 89' lang='lat' dir='ltr'><strong>militurn:</strong></span> <span class='ocrx_word' id='word_1_42' title='bbox 899 713 1018 778; x_wconf 84' lang='lat' dir='ltr'><strong>missus</strong></span> <span class='ocrx_word' id='word_1_43' title='bbox 1029 721 1079 778; x_wconf 88' lang='lat' dir='ltr'><strong>est</strong></span> 
     </span>
     <span class='ocr_line' id='line_1_7' title="bbox 61 798 860 886; baseline 0.001 -24"><span class='ocrx_word' id='word_1_44' title='bbox 61 798 90 863; x_wconf 92' lang='lat' dir='ltr'><strong>in</strong></span> <span class='ocrx_word' id='word_1_45' title='bbox 107 801 214 868; x_wconf 87' lang='lat' dir='ltr'><strong>locum</strong></span> <span class='ocrx_word' id='word_1_46' title='bbox 224 800 295 884; x_wconf 87' lang='lat' dir='ltr'><strong>ejus</strong></span> <span class='ocrx_word' id='word_1_47' title='bbox 309 801 434 866; x_wconf 85' lang='lat' dir='ltr'><strong>Vettius</strong></span> <span class='ocrx_word' id='word_1_48' title='bbox 450 803 594 867; x_wconf 77' lang='lat' dir='ltr'><strong>Bolanus</strong></span> <span class='ocrx_word' id='word_1_49' title='bbox 609 823 628 867; x_wconf 94' lang='lat' dir='ltr'><strong>e</strong></span> <span class='ocrx_word' id='word_1_50' title='bbox 643 802 860 886; x_wconf 85' lang='lat' dir='ltr'><strong>praesentibus.</strong></span> 
     </span>
    </p>

    <p class='ocr_par' dir='ltr' id='par_1_3' title="bbox 60 881 1172 2943">
     <span class='ocr_line' id='line_1_8' title="bbox 99 881 1079 974; baseline -0.001 -25"><span class='ocrx_word' id='word_1_51' title='bbox 99 885 217 953; x_wconf 86' lang='lat' dir='ltr'><strong>LXVI.</strong></span> <span class='ocrx_word' id='word_1_52' title='bbox 240 890 388 974; x_wconf 76' lang='lat' dir='ltr'>Angebat</span> <span class='ocrx_word' id='word_1_53' title='bbox 413 887 582 952; x_wconf 85' lang='lat' dir='ltr'><strong>Vitellium</strong></span> <span class='ocrx_word' id='word_1_54' title='bbox 603 889 763 952; x_wconf 86' lang='lat' dir='ltr'><strong>victarum</strong></span> <span class='ocrx_word' id='word_1_55' title='bbox 790 885 955 972; x_wconf 83' lang='lat' dir='ltr'><strong>legionum</strong></span> <span class='ocrx_word' id='word_1_56' title='bbox 974 881 1079 948; x_wconf 88' lang='lat' dir='ltr'><strong>haud-</strong></span> 
     </span>
     <span class='ocr_line' id='line_1_9' title="bbox 60 970 1079 1057; baseline -0.002 -21"><span class='ocrx_word' id='word_1_57' title='bbox 60 972 215 1057; x_wconf 76' lang='lat' dir='ltr'><strong>qaiqnam</strong></span> <span class='ocrx_word' id='word_1_58' title='bbox 224 973 342 1039; x_wconf 75' lang='lat' dir='ltr'><strong>nectus</strong></span> <span class='ocrx_word' id='word_1_59' title='bbox 357 974 501 1038; x_wconf 88' lang='lat' dir='ltr'><strong>enimus:</strong></span> <span class='ocrx_word' id='word_1_60' title='bbox 517 992 635 1057; x_wconf 82' lang='lat' dir='ltr'><strong>spersoe</strong></span> <span class='ocrx_word' id='word_1_61' title='bbox 648 991 704 1056; x_wconf 90' lang='lat' dir='ltr'><strong>per</strong></span> <span class='ocrx_word' id='word_1_62' title='bbox 718 971 845 1036; x_wconf 82' lang='lat' dir='ltr'><strong>Italiam</strong></span> <span class='ocrx_word' id='word_1_63' title='bbox 859 981 892 1035; x_wconf 89' lang='lat' dir='ltr'><strong>et</strong></span> <span class='ocrx_word' id='word_1_64' title='bbox 901 970 1079 1036; x_wconf 82' lang='lat' dir='ltr'><strong>victoribus</strong></span> 
     </span>
     <span class='ocr_line' id='line_1_10' title="bbox 60 1055 1080 1143; baseline -0.001 -22"><span class='ocrx_word' id='word_1_65' title='bbox 60 1060 230 1140; x_wconf 78' lang='lat' dir='ltr'><strong>permixtae,</strong></span> <span class='ocrx_word' id='word_1_66' title='bbox 244 1059 376 1123; x_wconf 88' lang='lat' dir='ltr'><strong>hostilia</strong></span> <span class='ocrx_word' id='word_1_67' title='bbox 389 1061 625 1143; x_wconf 73' lang='lat' dir='ltr'><strong>loquebantur:</strong></span> <span class='ocrx_word' id='word_1_68' title='bbox 648 1057 809 1142; x_wconf 72' lang='lat' dir='ltr'><strong>precipua</strong></span> <span class='ocrx_word' id='word_1_69' title='bbox 826 1055 1080 1140; x_wconf 82' lang='lat' dir='ltr'><strong>quartadecima·</strong></span> 
     </span>
     <span class='ocr_line' id='line_1_11' title="bbox 60 1139 1080 1292; baseline 0.004 -89"><span class='ocrx_word' id='word_1_70' title='bbox 60 1159 170 1208; x_wconf 88' lang='lat' dir='ltr'><strong>norum</strong></span> <span class='ocrx_word' id='word_1_71' title='bbox 183 1144 313 1225; x_wconf 82' lang='lat' dir='ltr'><strong>ferocia,</strong></span> <span class='ocrx_word' id='word_1_72' title='bbox 328 1145 385 1228; x_wconf 89' lang='lat' dir='ltr'><strong>qui</strong></span> <span class='ocrx_word' id='word_1_73' title='bbox 400 1152 449 1209; x_wconf 82' lang='lat' dir='ltr'><strong>‘se</strong></span> <span class='ocrx_word' id='word_1_74' title='bbox 460 1144 582 1225; x_wconf 60' lang='lat' dir='ltr'><strong>ricton</strong></span> <span class='ocrx_word' id='word_1_75' title='bbox 593 1139 796 1209; x_wconf 78' lang='lat' dir='ltr'>abnuebant:</span> <span class='ocrx_word' id='word_1_76' title='bbox 819 1142 958 1292; x_wconf 77' lang='lat' dir='ltr'><strong>‘quippe</strong></span> <span class='ocrx_word' id='word_1_77' title='bbox 970 1141 1080 1207; x_wconf 84' lang='lat' dir='ltr'><strong>Bedri-</strong></span> 
     </span>
     <span class='ocr_line' id='line_1_12' title="bbox 61 1227 1095 1318; baseline 0.001 -26"><span class='ocrx_word' id='word_1_78' title='bbox 61 1230 161 1293; x_wconf 84' lang='lat' dir='ltr'><strong>acensi</strong></span> <span class='ocrx_word' id='word_1_79' title='bbox 184 1230 262 1311; x_wconf 83' lang='lat' dir='ltr'><strong>acie,</strong></span> <span class='ocrx_word' id='word_1_80' title='bbox 276 1231 455 1295; x_wconf 74' lang='lat' dir='ltr'><strong>vexillariis</strong></span> <span class='ocrx_word' id='word_1_81' title='bbox 476 1232 600 1295; x_wconf 77' lang='lat' dir='ltr'><strong>tantum</strong></span> <span class='ocrx_word' id='word_1_82' title='bbox 614 1230 727 1314; x_wconf 85' lang='lat' dir='ltr'><strong>pulsis,</strong></span> <span class='ocrx_word' id='word_1_83' title='bbox 742 1228 828 1293; x_wconf 83' lang='lat' dir='ltr'><strong>vires</strong></span> <span class='ocrx_word' id='word_1_84' title='bbox 861 1246 880 1291; x_wconf 88' lang='lat' dir='ltr'><strong>e</strong></span> <span class='ocrx_word' id='word_1_85' title='bbox 903 1227 986 1292; x_wconf 88' lang='lat' dir='ltr'><strong>ionis</strong></span> <span class='ocrx_word' id='word_1_86' title='bbox 1010 1245 1095 1318; x_wconf 41' lang='lat' dir='ltr'><strong>non,</strong></span> 
     </span>
     <span class='ocr_line' id='line_1_13' title="bbox 60 1311 1081 1397; baseline 0.001 -20"><span class='ocrx_word' id='word_1_87' title='bbox 60 1311 203 1380; x_wconf 81' lang='lat' dir='ltr'><strong>rduisse’</strong></span> <span class='ocrx_word' id='word_1_88' title='bbox 247 1315 379 1381; x_wconf 79' lang='lat' dir='ltr'><strong>Remini</strong></span> <span class='ocrx_word' id='word_1_89' title='bbox 393 1335 448 1382; x_wconf 89' lang='lat' dir='ltr'><strong>eos</strong></span> <span class='ocrx_word' id='word_1_90' title='bbox 462 1316 497 1381; x_wconf 92' lang='lat' dir='ltr'><strong>in</strong></span> <span class='ocrx_word' id='word_1_91' title='bbox 512 1316 722 1397; x_wconf 74' lang='lat' dir='ltr'><strong>Britanniam,</strong></span> <span class='ocrx_word' id='word_1_92' title='bbox 743 1314 832 1380; x_wconf 89' lang='lat' dir='ltr'><strong>uude</strong></span> <span class='ocrx_word' id='word_1_93' title='bbox 847 1333 868 1378; x_wconf 84' lang='lat' dir='ltr'><strong>a</strong></span> <span class='ocrx_word' id='word_1_94' title='bbox 914 1332 1011 1378; x_wconf 87' lang='lat' dir='ltr'><strong>erone</strong></span> <span class='ocrx_word' id='word_1_95' title='bbox 1024 1332 1081 1378; x_wconf 86' lang='lat' dir='ltr'><strong>ex·</strong></span> 
     </span>
     <span class='ocr_line' id='line_1_14' title="bbox 60 1398 1082 1486; baseline 0.006 -26"><span class='ocrx_word' id='word_1_96' title='bbox 60 1398 108 1461; x_wconf 90' lang='lat' dir='ltr'><strong>citi</strong></span> <span class='ocrx_word' id='word_1_97' title='bbox 122 1411 223 1482; x_wconf 87' lang='lat' dir='ltr'><strong>erant,</strong></span> <span class='ocrx_word' id='word_1_98' title='bbox 235 1402 375 1486; x_wconf 87' lang='lat' dir='ltr'><strong>placuit;</strong></span> <span class='ocrx_word' id='word_1_99' title='bbox 398 1413 495 1486; x_wconf 85' lang='lat' dir='ltr'><strong>atque</strong></span> <span class='ocrx_word' id='word_1_100' title='bbox 505 1401 637 1467; x_wconf 89' lang='lat' dir='ltr'><strong>interim</strong></span> <span class='ocrx_word' id='word_1_101' title='bbox 649 1401 846 1465; x_wconf 84' lang='lat' dir='ltr'><strong>Batavorum</strong></span> <span class='ocrx_word' id='word_1_102' title='bbox 855 1399 1002 1465; x_wconf 89' lang='lat' dir='ltr'><strong>cohortes</strong></span> <span class='ocrx_word' id='word_1_103' title='bbox 1013 1402 1082 1466; x_wconf 77' lang='lat' dir='ltr'><strong>uni</strong></span> 
     </span>
     <span class='ocr_line' id='line_1_15' title="bbox 61 1484 1082 1571; baseline 0.004 -26"><span class='ocrx_word' id='word_1_104' title='bbox 61 1484 192 1570; x_wconf 86' lang='lat' dir='ltr'><strong>tendere,</strong></span> <span class='ocrx_word' id='word_1_105' title='bbox 214 1488 256 1551; x_wconf 93' lang='lat' dir='ltr'><strong>ob</strong></span> <span class='ocrx_word' id='word_1_106' title='bbox 278 1499 421 1553; x_wconf 81' lang='lat' dir='ltr'><strong>veterem</strong></span> <span class='ocrx_word' id='word_1_107' title='bbox 449 1486 602 1552; x_wconf 80' lang='lat' dir='ltr'><strong>adversis</strong></span> <span class='ocrx_word' id='word_1_108' title='bbox 631 1486 932 1571; x_wconf 81' lang='lat' dir='ltr'><strong>quartadecimanos</strong></span> <span class='ocrx_word' id='word_1_109' title='bbox 961 1484 1082 1549; x_wconf 85' lang='lat' dir='ltr'><strong>discor·</strong></span> 
     </span>
     <span class='ocr_line' id='line_1_16' title="bbox 60 1566 1081 1656; baseline 0.008 -27"><span class='ocrx_word' id='word_1_110' title='bbox 60 1566 149 1635; x_wconf 89' lang='lat' dir='ltr'><strong>diam.</strong></span> <span class='ocrx_word' id='word_1_111' title='bbox 193 1573 263 1638; x_wconf 87' lang='lat' dir='ltr'><strong>Nec</strong></span> <span class='ocrx_word' id='word_1_112' title='bbox 286 1572 355 1652; x_wconf 92' lang='lat' dir='ltr'><strong>diu,</strong></span> <span class='ocrx_word' id='word_1_113' title='bbox 378 1574 413 1637; x_wconf 92' lang='lat' dir='ltr'><strong>in</strong></span> <span class='ocrx_word' id='word_1_114' title='bbox 439 1572 536 1637; x_wconf 86' lang='lat' dir='ltr'><strong>tantis</strong></span> <span class='ocrx_word' id='word_1_115' title='bbox 559 1584 758 1637; x_wconf 89' lang='lat' dir='ltr'><strong>armatorum</strong></span> <span class='ocrx_word' id='word_1_116' title='bbox 779 1570 872 1652; x_wconf 90' lang='lat' dir='ltr'><strong>odiis,</strong></span> <span class='ocrx_word' id='word_1_117' title='bbox 893 1572 987 1656; x_wconf 89' lang='lat' dir='ltr'><strong>quies</strong></span> <span class='ocrx_word' id='word_1_118' title='bbox 1009 1571 1081 1637; x_wconf 82' lang='lat' dir='ltr'><strong>suit</strong></span> 
     </span>
     <span class='ocr_line' id='line_1_17' title="bbox 61 1654 1082 1743; baseline 0.004 -27"><span class='ocrx_word' id='word_1_119' title='bbox 61 1654 88 1716; x_wconf 82' lang='lat' dir='ltr'>A</span> <span class='ocrx_word' id='word_1_120' title='bbox 170 1667 212 1722; x_wconf 76' lang='lat' dir='ltr'><strong>tae</strong></span> <span class='ocrx_word' id='word_1_121' title='bbox 228 1658 464 1741; x_wconf 84' lang='lat' dir='ltr'><strong>Taurinorum,</strong></span> <span class='ocrx_word' id='word_1_122' title='bbox 485 1658 566 1723; x_wconf 88' lang='lat' dir='ltr'><strong>dum</strong></span> <span class='ocrx_word' id='word_1_123' title='bbox 581 1657 732 1742; x_wconf 88' lang='lat' dir='ltr'><strong>opificem</strong></span> <span class='ocrx_word' id='word_1_124' title='bbox 754 1656 918 1743; x_wconf 86' lang='lat' dir='ltr'><strong>quendam</strong></span> <span class='ocrx_word' id='word_1_125' title='bbox 939 1657 1082 1721; x_wconf 84' lang='lat' dir='ltr'><strong>Batavus</strong></span> 
     </span>
     <span class='ocr_line' id='line_1_18' title="bbox 61 1673 1082 1839; baseline 0.007 -38"><span class='ocrx_word' id='word_1_126' title='bbox 61 1673 323 1832; x_wconf 51' lang='lat' dir='ltr'><strong>effidetorem</strong></span> <span class='ocrx_word' id='word_1_127' title='bbox 335 1745 520 1824; x_wconf 66' lang='lat' dir='ltr'><strong>insecatur,</strong></span> <span class='ocrx_word' id='word_1_128' title='bbox 536 1743 734 1830; x_wconf 75' lang='lat' dir='ltr'><strong>legionarius</strong></span> <span class='ocrx_word' id='word_1_129' title='bbox 743 1754 781 1807; x_wconf 91' lang='lat' dir='ltr'><strong>nt</strong></span> <span class='ocrx_word' id='word_1_130' title='bbox 792 1742 951 1839; x_wconf 73' lang='lat' dir='ltr'><strong>hospitem</strong></span> <span class='ocrx_word' id='word_1_131' title='bbox 965 1751 1082 1825; x_wconf 87' lang='lat' dir='ltr'><strong>tuetur,</strong></span> 
     </span>
     <span class='ocr_line' id='line_1_19' title="bbox 62 1824 1083 1916; baseline 0.005 -28"><span class='ocrx_word' id='word_1_132' title='bbox 62 1824 107 1889; x_wconf 85' lang='lat' dir='ltr'><strong>sni</strong></span> <span class='ocrx_word' id='word_1_133' title='bbox 118 1830 235 1913; x_wconf 87' lang='lat' dir='ltr'><strong>cuique</strong></span> <span class='ocrx_word' id='word_1_134' title='bbox 249 1830 485 1894; x_wconf 77' lang='lat' dir='ltr'><strong>commilitones</strong></span> <span class='ocrx_word' id='word_1_135' title='bbox 500 1829 675 1916; x_wconf 79' lang='lat' dir='ltr'><strong>aggregati,</strong></span> <span class='ocrx_word' id='word_1_136' title='bbox 691 1826 881 1893; x_wconf 82' lang='lat' dir='ltr'><strong>aconvicirr</strong></span> <span class='ocrx_word' id='word_1_137' title='bbox 902 1827 944 1892; x_wconf 85' lang='lat' dir='ltr'><strong>ad</strong></span> <span class='ocrx_word' id='word_1_138' title='bbox 958 1826 1083 1893; x_wconf 75' lang='lat' dir='ltr'><strong>caedem</strong></span> 
     </span>
     <span class='ocr_line' id='line_1_20' title="bbox 63 1911 1083 1998; baseline 0.003 -20"><span class='ocrx_word' id='word_1_139' title='bbox 63 1914 231 1981; x_wconf 75' lang='lat' dir='ltr'><strong>transiere:</strong></span> <span class='ocrx_word' id='word_1_140' title='bbox 252 1924 285 1979; x_wconf 90' lang='lat' dir='ltr'><strong>et</strong></span> <span class='ocrx_word' id='word_1_141' title='bbox 299 1916 447 1998; x_wconf 85' lang='lat' dir='ltr'><strong>praelinrn</strong></span> <span class='ocrx_word' id='word_1_142' title='bbox 462 1926 554 1979; x_wconf 86' lang='lat' dir='ltr'><strong>atrox</strong></span> <span class='ocrx_word' id='word_1_143' title='bbox 576 1914 757 1997; x_wconf 81' lang='lat' dir='ltr'><strong>exarsisset,</strong></span> <span class='ocrx_word' id='word_1_144' title='bbox 772 1913 808 1978; x_wconf 92' lang='lat' dir='ltr'><strong>ni</strong></span> <span class='ocrx_word' id='word_1_145' title='bbox 822 1911 897 1976; x_wconf 81' lang='lat' dir='ltr'><strong>duee</strong></span> <span class='ocrx_word' id='word_1_146' title='bbox 923 1911 1083 1981; x_wconf 74' lang='lat' dir='ltr'><strong>Praetoriae</strong></span> 
     </span>
     <span class='ocr_line' id='line_1_21' title="bbox 64 1996 1084 2084; baseline 0.009 -24"><span class='ocrx_word' id='word_1_147' title='bbox 64 1998 211 2084; x_wconf 79' lang='lat' dir='ltr'><strong>cohortes,</strong></span> <span class='ocrx_word' id='word_1_148' title='bbox 233 2020 367 2067; x_wconf 86' lang='lat' dir='ltr'><strong>censam</strong></span> <span class='ocrx_word' id='word_1_149' title='bbox 388 2000 749 2083; x_wconf 81' lang='lat' dir='ltr'><strong>quartadecimanorum</strong></span> <span class='ocrx_word' id='word_1_150' title='bbox 772 2007 903 2080; x_wconf 77' lang='lat' dir='ltr'><strong>secute,</strong></span> <span class='ocrx_word' id='word_1_151' title='bbox 925 1997 978 2063; x_wconf 89' lang='lat' dir='ltr'><strong>his</strong></span> <span class='ocrx_word' id='word_1_152' title='bbox 999 1996 1084 2069; x_wconf 82' lang='lat' dir='ltr'><strong>fidu·</strong></span> 
     </span>
     <span class='ocr_line' id='line_1_22' title="bbox 63 2081 1084 2174; baseline 0 -26"><span class='ocrx_word' id='word_1_153' title='bbox 63 2081 139 2150; x_wconf 83' lang='lat' dir='ltr'><strong>tianr</strong></span> <span class='ocrx_word' id='word_1_154' title='bbox 157 2099 190 2152; x_wconf 89' lang='lat' dir='ltr'><strong>et</strong></span> <span class='ocrx_word' id='word_1_155' title='bbox 212 2097 337 2153; x_wconf 88' lang='lat' dir='ltr'><strong>metum</strong></span> <span class='ocrx_word' id='word_1_156' title='bbox 359 2087 491 2152; x_wconf 84' lang='lat' dir='ltr'><strong>Batavis</strong></span> <span class='ocrx_word' id='word_1_157' title='bbox 514 2087 684 2151; x_wconf 86' lang='lat' dir='ltr'><strong>fecissent:</strong></span> <span class='ocrx_word' id='word_1_158' title='bbox 707 2086 816 2169; x_wconf 82' lang='lat' dir='ltr'><strong>‘quos&#39;</strong></span> <span class='ocrx_word' id='word_1_159' title='bbox 832 2084 982 2150; x_wconf 85' lang='lat' dir='ltr'><strong>Vitellius</strong></span> <span class='ocrx_word' id='word_1_160' title='bbox 1009 2090 1020 2124; x_wconf 86' lang='lat'><em>‘</em></span> <span class='ocrx_word' id='word_1_161' title='bbox 1030 2105 1084 2174; x_wconf 77' lang='lat' dir='ltr'><strong>eg-</strong></span> 
     </span>
     <span class='ocr_line' id='line_1_23' title="bbox 65 2169 1085 2260; baseline 0.003 -26"><span class='ocrx_word' id='word_1_162' title='bbox 65 2169 137 2235; x_wconf 86' lang='lat' dir='ltr'><strong>mini</strong></span> <span class='ocrx_word' id='word_1_163' title='bbox 150 2192 211 2238; x_wconf 84' lang='lat' dir='ltr'><strong>suo</strong></span> <span class='ocrx_word' id='word_1_164' title='bbox 222 2173 282 2254; x_wconf 89' lang='lat' dir='ltr'><strong>jun</strong></span> <span class='ocrx_word' id='word_1_165' title='bbox 309 2172 339 2253; x_wconf 83' lang='lat'><strong>‘,‘</strong></span> <span class='ocrx_word' id='word_1_166' title='bbox 352 2183 389 2236; x_wconf 90' lang='lat' dir='ltr'><strong>ut</strong></span> <span class='ocrx_word' id='word_1_167' title='bbox 403 2172 503 2257; x_wconf 88' lang='lat' dir='ltr'><strong>fidos;</strong></span> <span class='ocrx_word' id='word_1_168' title='bbox 527 2174 720 2260; x_wconf 74' lang='lat' dir='ltr'><strong>‘legionem</strong></span> <span class='ocrx_word' id='word_1_169' title='bbox 737 2170 846 2236; x_wconf 86' lang='lat' dir='ltr'><strong>Graiis</strong></span> <span class='ocrx_word' id='word_1_170' title='bbox 869 2172 1007 2255; x_wconf 84' lang='lat' dir='ltr'><strong>Alpibus</strong></span> <span class='ocrx_word' id='word_1_171' title='bbox 1020 2182 1085 2237; x_wconf 90' lang='lat' dir='ltr'><strong>tra·</strong></span> 
     </span>
     <span class='ocr_line' id='line_1_24' title="bbox 63 2252 1084 2342; baseline 0.007 -26"><span class='ocrx_word' id='word_1_172' title='bbox 63 2252 193 2341; x_wconf 85' lang='lat' dir='ltr'><strong>ductam,</strong></span> <span class='ocrx_word' id='word_1_173' title='bbox 214 2277 253 2322; x_wconf 87' lang='lat' dir='ltr'><strong>eo</strong></span> <span class='ocrx_word' id='word_1_174' title='bbox 295 2278 360 2324; x_wconf 89' lang='lat' dir='ltr'><strong>exu</strong></span> <span class='ocrx_word' id='word_1_175' title='bbox 382 2256 507 2323; x_wconf 82' lang='lat' dir='ltr'><strong>itineris</strong></span> <span class='ocrx_word' id='word_1_176' title='bbox 520 2259 576 2324; x_wconf 91' lang='lat' dir='ltr'><strong>ire&#39;</strong></span> <span class='ocrx_word' id='word_1_177' title='bbox 594 2259 696 2340; x_wconf 84' lang='lat' dir='ltr'><strong>jubet,</strong></span> <span class='ocrx_word' id='word_1_178' title='bbox 712 2264 795 2342; x_wconf 85' lang='lat' dir='ltr'><strong>‘quo</strong></span> <span class='ocrx_word' id='word_1_179' title='bbox 815 2255 979 2322; x_wconf 84' lang='lat' dir='ltr'><strong>Viennam</strong></span> <span class='ocrx_word' id='word_1_180' title='bbox 1003 2258 1084 2323; x_wconf 89' lang='lat' dir='ltr'><strong>vita·</strong></span> 
     </span>
     <span class='ocr_line' id='line_1_25' title="bbox 65 2342 1084 2429; baseline 0.005 -28"><span class='ocrx_word' id='word_1_181' title='bbox 65 2347 153 2409; x_wconf 65' lang='lat' dir='ltr'><strong>rent?</strong></span> <span class='ocrx_word' id='word_1_182' title='bbox 174 2362 316 2428; x_wconf 84' lang='lat' dir='ltr'><strong>namque</strong></span> <span class='ocrx_word' id='word_1_183' title='bbox 338 2353 371 2408; x_wconf 92' lang='lat' dir='ltr'><strong>et</strong></span> <span class='ocrx_word' id='word_1_184' title='bbox 394 2344 594 2409; x_wconf 89' lang='lat' dir='ltr'><strong>Viennenses</strong></span> <span class='ocrx_word' id='word_1_185' title='bbox 620 2343 825 2409; x_wconf 84' lang='lat' dir='ltr'><strong>timebantur.</strong></span> <span class='ocrx_word' id='word_1_186' title='bbox 879 2343 992 2426; x_wconf 81' lang='lat' dir='ltr'><strong>Nocte,</strong></span> <span class='ocrx_word' id='word_1_187' title='bbox 1018 2342 1084 2429; x_wconf 76' lang='lat' dir='ltr'><strong>qud</strong></span> 
     </span>
     <span class='ocr_line' id='line_1_26' title="bbox 64 2424 1084 2515; baseline 0.005 -28"><span class='ocrx_word' id='word_1_188' title='bbox 64 2424 318 2505; x_wconf 79' lang='lat' dir='ltr'><strong>proficiscebatur</strong></span> <span class='ocrx_word' id='word_1_189' title='bbox 327 2428 420 2515; x_wconf 86' lang='lat' dir='ltr'><strong>legio,</strong></span> <span class='ocrx_word' id='word_1_190' title='bbox 430 2430 550 2493; x_wconf 84' lang='lat' dir='ltr'><strong>relictis</strong></span> <span class='ocrx_word' id='word_1_191' title='bbox 561 2429 682 2513; x_wconf 85' lang='lat' dir='ltr'><strong>passim</strong></span> <span class='ocrx_word' id='word_1_192' title='bbox 692 2428 1084 2515; x_wconf 70' lang='lat' dir='ltr'><strong>ignibunpars&#39;l&#39;aurinoe</strong></span> 
     </span>
     <span class='ocr_line' id='line_1_27' title="bbox 68 2509 1084 2598; baseline 0.006 -24"><span class='ocrx_word' id='word_1_193' title='bbox 68 2509 206 2580; x_wconf 78' lang='lat' dir='ltr'><strong>Coloniee</strong></span> <span class='ocrx_word' id='word_1_194' title='bbox 218 2516 384 2592; x_wconf 80' lang='lat' dir='ltr'><strong>ambusta:</strong></span> <span class='ocrx_word' id='word_1_195' title='bbox 406 2515 495 2597; x_wconf 89' lang='lat' dir='ltr'><strong>quod</strong></span> <span class='ocrx_word' id='word_1_196' title='bbox 508 2516 675 2595; x_wconf 88' lang='lat' dir='ltr'><strong>damnum,</strong></span> <span class='ocrx_word' id='word_1_197' title='bbox 685 2525 722 2579; x_wconf 90' lang='lat' dir='ltr'><strong>ut</strong></span> <span class='ocrx_word' id='word_1_198' title='bbox 733 2515 886 2598; x_wconf 88' lang='lat' dir='ltr'><strong>pleraque</strong></span> <span class='ocrx_word' id='word_1_199' title='bbox 899 2514 977 2579; x_wconf 89' lang='lat' dir='ltr'><strong>belli</strong></span> <span class='ocrx_word' id='word_1_200' title='bbox 989 2516 1084 2598; x_wconf 84' lang='lat' dir='ltr'><strong>mala,</strong></span> 
     </span>
     <span class='ocr_line' id='line_1_28' title="bbox 68 2599 1085 2679; baseline 0.004 -19"><span class='ocrx_word' id='word_1_201' title='bbox 68 2599 234 2679; x_wconf 85' lang='lat' dir='ltr'><strong>majoribus</strong></span> <span class='ocrx_word' id='word_1_202' title='bbox 248 2600 389 2665; x_wconf 83' lang='lat' dir='ltr'><strong>aliarum</strong></span> <span class='ocrx_word' id='word_1_203' title='bbox 401 2600 534 2664; x_wconf 87' lang='lat' dir='ltr'><strong>urbium</strong></span> <span class='ocrx_word' id='word_1_204' title='bbox 549 2600 696 2665; x_wconf 85' lang='lat' dir='ltr'><strong>cladibus</strong></span> <span class='ocrx_word' id='word_1_205' title='bbox 717 2599 932 2665; x_wconf 83' lang='lat' dir='ltr'><strong>obliteratum.</strong></span> <span class='ocrx_word' id='word_1_206' title='bbox 976 2602 1085 2673; x_wconf 77' lang='lat' dir='ltr'><strong>Quar-</strong></span> 
     </span>
     <span class='ocr_line' id='line_1_29' title="bbox 68 2682 1085 2772; baseline 0.004 -26"><span class='ocrx_word' id='word_1_207' title='bbox 68 2682 252 2750; x_wconf 84' lang='lat' dir='ltr'><strong>tadecimani</strong></span> <span class='ocrx_word' id='word_1_208' title='bbox 266 2698 436 2770; x_wconf 86' lang='lat' dir='ltr'><strong>postquam</strong></span> <span class='ocrx_word' id='word_1_209' title='bbox 450 2687 588 2770; x_wconf 87' lang='lat' dir='ltr'><strong>Alpibus</strong></span> <span class='ocrx_word' id='word_1_210' title='bbox 613 2684 756 2772; x_wconf 81' lang='lat' dir='ltr'><strong>degressi</strong></span> <span class='ocrx_word' id='word_1_211' title='bbox 777 2695 863 2765; x_wconf 86' lang='lat' dir='ltr'><strong>sunt,</strong></span> <span class='ocrx_word' id='word_1_212' title='bbox 884 2684 1085 2750; x_wconf 85' lang='lat' dir='ltr'><strong>seditiosissi-</strong></span> 
     </span>
     <span class='ocr_line' id='line_1_30' title="bbox 67 2771 1172 2858; baseline 0.008 -28"><span class='ocrx_word' id='word_1_213' title='bbox 67 2782 132 2834; x_wconf 87' lang='lat' dir='ltr'><strong>mus</strong></span> <span class='ocrx_word' id='word_1_214' title='bbox 142 2771 278 2855; x_wconf 86' lang='lat' dir='ltr'><strong>qnisque</strong></span> <span class='ocrx_word' id='word_1_215' title='bbox 287 2771 383 2858; x_wconf 84' lang='lat' dir='ltr'><strong>signa</strong></span> <span class='ocrx_word' id='word_1_216' title='bbox 393 2771 554 2838; x_wconf 85' lang='lat' dir='ltr'><strong>Viennam</strong></span> <span class='ocrx_word' id='word_1_217' title='bbox 565 2771 722 2838; x_wconf 76' lang='lat' dir='ltr'><strong>ferebant:</strong></span> <span class='ocrx_word' id='word_1_218' title='bbox 737 2788 898 2836; x_wconf 86' lang='lat' dir='ltr'><strong>censensu</strong></span> <span class='ocrx_word' id='word_1_219' title='bbox 912 2771 1086 2839; x_wconf 87' lang='lat' dir='ltr'><strong>meliorum</strong></span> <span class='ocrx_word' id='word_1_220' title='bbox 1171 2838 1172 2847; x_wconf 69' lang='grc'>,</span> 
     </span>
     <span class='ocr_line' id='line_1_31' title="bbox 68 2856 854 2943; baseline 0.003 -25"><span class='ocrx_word' id='word_1_221' title='bbox 68 2857 242 2940; x_wconf 83' lang='lat' dir='ltr'><strong>compressi,</strong></span> <span class='ocrx_word' id='word_1_222' title='bbox 255 2867 288 2921; x_wconf 86' lang='lat' dir='ltr'><strong>et</strong></span> <span class='ocrx_word' id='word_1_223' title='bbox 302 2857 387 2943; x_wconf 81' lang='lat' dir='ltr'><strong>legio</strong></span> <span class='ocrx_word' id='word_1_224' title='bbox 400 2856 434 2921; x_wconf 95' lang='lat' dir='ltr'><strong>in</strong></span> <span class='ocrx_word' id='word_1_225' title='bbox 450 2857 654 2921; x_wconf 82' lang='lat' dir='ltr'><strong>Britanniam</strong></span> <span class='ocrx_word' id='word_1_226' title='bbox 664 2866 854 2931; x_wconf 82' lang='lat' dir='ltr'><strong>transvecta.</strong></span> 
     </span>
    </p>
   </div>
   <div class='ocr_carea' id='block_1_3' title="bbox 104 2940 1172 3017">
    <p class='ocr_par' dir='ltr' id='par_1_4' title="bbox 104 2940 1172 3017">
     <span class='ocr_line' id='line_1_32' title="bbox 104 2940 1172 3017; baseline -0.005 -11"><span class='ocrx_word' id='word_1_227' title='bbox 104 2940 239 3017; x_wconf 81' lang='lat' dir='ltr'><strong>vafl,</strong></span> <span class='ocrx_word' id='word_1_228' title='bbox 262 2942 436 3008; x_wconf 83' lang='lat' dir='ltr'><strong>Proximus</strong></span> <span class='ocrx_word' id='word_1_229' title='bbox 457 2942 587 3008; x_wconf 88' lang='lat' dir='ltr'><strong>Vitellio</strong></span> <span class='ocrx_word' id='word_1_230' title='bbox 601 2960 620 3005; x_wconf 89' lang='lat' dir='ltr'><strong>e</strong></span> <span class='ocrx_word' id='word_1_231' title='bbox 635 2941 798 3007; x_wconf 83' lang='lat' dir='ltr'><strong>Proetoriis</strong></span> <span class='ocrx_word' id='word_1_232' title='bbox 813 2940 997 3008; x_wconf 85' lang='lat' dir='ltr'><strong>cohortibus</strong></span> <span class='ocrx_word' id='word_1_233' title='bbox 1019 2961 1085 3008; x_wconf 88' lang='lat' dir='ltr'><strong>me·</strong></span> <span class='ocrx_word' id='word_1_234' title='bbox 1171 2986 1172 3001; x_wconf 64' lang='grc'>,</span> 
     </span>
    </p>
   </div>
   <div class='ocr_carea' id='block_1_4' title="bbox 69 3010 1172 3112">
    <p class='ocr_par' dir='ltr' id='par_1_5' title="bbox 69 3010 1172 3112">
     <span class='ocr_line' id='line_1_33' title="bbox 69 3010 1172 3112; baseline 0.004 -24"><span class='ocrx_word' id='word_1_235' title='bbox 69 3030 203 3091; x_wconf 87' lang='lat' dir='ltr'><strong>tuserat:</strong></span> <span class='ocrx_word' id='word_1_236' title='bbox 226 3029 362 3112; x_wconf 88' lang='lat' dir='ltr'><strong>separati</strong></span> <span class='ocrx_word' id='word_1_237' title='bbox 376 3028 526 3112; x_wconf 85' lang='lat' dir='ltr'><strong>primhm,</strong></span> <span class='ocrx_word' id='word_1_238' title='bbox 550 3027 676 3108; x_wconf 91' lang='lat' dir='ltr'><strong>deinde,</strong></span> <span class='ocrx_word' id='word_1_239' title='bbox 692 3026 801 3091; x_wconf 84' lang='lat' dir='ltr'><strong>addito</strong></span> <span class='ocrx_word' id='word_1_240' title='bbox 823 3027 965 3091; x_wconf 80' lang='lat' dir='ltr'><strong>honeste</strong></span> <span class='ocrx_word' id='word_1_241' title='bbox 981 3027 1085 3094; x_wconf 87' lang='lat' dir='ltr'><strong>missi-</strong></span> <span class='ocrx_word' id='word_1_242' title='bbox 1171 3010 1172 3053; x_wconf 60' lang='lat'>³</span> 
     </span>
    </p>
   </div>
   <div class='ocr_carea' id='block_1_5' title="bbox 69 3112 1172 3193">
    <p class='ocr_par' dir='ltr' id='par_1_6' title="bbox 69 3112 1172 3193">
     <span class='ocr_line' id='line_1_34' title="bbox 69 3112 1172 3193; baseline 0.009 -22"><span class='ocrx_word' id='word_1_243' title='bbox 69 3112 131 3175; x_wconf 86' lang='lat' dir='ltr'><strong>onis</strong></span> <span class='ocrx_word' id='word_1_244' title='bbox 142 3114 325 3193; x_wconf 88' lang='lat' dir='ltr'><strong>lenimento,</strong></span> <span class='ocrx_word' id='word_1_245' title='bbox 337 3114 657 3179; x_wconf 85' lang='lat' dir='ltr'><strong>ermeedTribunos</strong></span> <span class='ocrx_word' id='word_1_246' title='bbox 667 3132 743 3177; x_wconf 88' lang='lat' dir='ltr'><strong>suos</strong></span> <span class='ocrx_word' id='word_1_247' title='bbox 753 3113 955 3179; x_wconf 80' lang='lat' dir='ltr'><strong>deferebant:</strong></span> <span class='ocrx_word' id='word_1_248' title='bbox 978 3115 1083 3181; x_wconf 84' lang='lat' dir='ltr'><strong>donee</strong></span> <span class='ocrx_word' id='word_1_249' title='bbox 1170 3114 1172 3143; x_wconf 76' lang='lat'><em>⁴</em></span> 
     </span>
    </p>
   </div>
   <div class='ocr_carea' id='block_1_6' title="bbox 70 3198 1172 3718">
    <p class='ocr_par' dir='ltr' id='par_1_7' title="bbox 70 3198 1172 3718">
     <span class='ocr_line' id='line_1_35' title="bbox 70 3198 1172 3283; baseline 0.005 -24"><span class='ocrx_word' id='word_1_250' title='bbox 70 3208 186 3265; x_wconf 86' lang='lat' dir='ltr'><strong>notum</strong></span> <span class='ocrx_word' id='word_1_251' title='bbox 199 3220 219 3261; x_wconf 86' lang='lat' dir='ltr'><strong>e</strong></span> <span class='ocrx_word' id='word_1_252' title='bbox 233 3200 430 3283; x_wconf 79' lang='lat' dir='ltr'><strong>Vespasiano</strong></span> <span class='ocrx_word' id='word_1_253' title='bbox 456 3200 579 3264; x_wconf 88' lang='lat' dir='ltr'><strong>bellurn</strong></span> <span class='ocrx_word' id='word_1_254' title='bbox 593 3198 824 3264; x_wconf 84' lang='lat' dir='ltr'><strong>crebresceret:</strong></span> <span class='ocrx_word' id='word_1_255' title='bbox 847 3206 926 3281; x_wconf 90' lang='lat' dir='ltr'><strong>tum,</strong></span> <span class='ocrx_word' id='word_1_256' title='bbox 943 3201 1085 3265; x_wconf 74' lang='lat' dir='ltr'><strong>resumit</strong></span> <span class='ocrx_word' id='word_1_257' title='bbox 1170 3198 1172 3271; x_wconf 62' lang='lat' dir='ltr'><strong>l</strong></span> 
     </span>
     <span class='ocr_line' id='line_1_36' title="bbox 70 3282 1086 3369; baseline 0.009 -25"><span class='ocrx_word' id='word_1_258' title='bbox 70 3282 184 3365; x_wconf 76' lang='lat' dir='ltr'><strong>militiai,</strong></span> <span class='ocrx_word' id='word_1_259' title='bbox 198 3285 297 3349; x_wconf 84' lang='lat' dir='ltr'><strong>robur</strong></span> <span class='ocrx_word' id='word_1_260' title='bbox 312 3285 543 3350; x_wconf 85' lang='lat' dir='ltr'><strong>Flavianarum</strong></span> <span class='ocrx_word' id='word_1_261' title='bbox 554 3284 695 3369; x_wconf 86' lang='lat' dir='ltr'><strong>partium</strong></span> <span class='ocrx_word' id='word_1_262' title='bbox 710 3282 811 3350; x_wconf 74' lang='lat' dir='ltr'><strong>luere.</strong></span> <span class='ocrx_word' id='word_1_263' title='bbox 856 3284 966 3350; x_wconf 81' lang='lat' dir='ltr'><strong>Prima</strong></span> <span class='ocrx_word' id='word_1_264' title='bbox 977 3288 1086 3353; x_wconf 87' lang='lat' dir='ltr'><strong>clessi·</strong></span> 
     </span>
     <span class='ocr_line' id='line_1_37' title="bbox 71 3370 1085 3457; baseline 0.008 -27"><span class='ocrx_word' id='word_1_265' title='bbox 71 3385 174 3436; x_wconf 87' lang='lat' dir='ltr'><strong>corum</strong></span> <span class='ocrx_word' id='word_1_266' title='bbox 186 3370 271 3457; x_wconf 81' lang='lat' dir='ltr'><strong>legio</strong></span> <span class='ocrx_word' id='word_1_267' title='bbox 285 3371 319 3434; x_wconf 93' lang='lat' dir='ltr'><strong>in</strong></span> <span class='ocrx_word' id='word_1_268' title='bbox 343 3371 535 3455; x_wconf 78' lang='lat' dir='ltr'><strong>Hispaniam</strong></span> <span class='ocrx_word' id='word_1_269' title='bbox 561 3371 667 3450; x_wconf 85' lang='lat' dir='ltr'><strong>missa,</strong></span> <span class='ocrx_word' id='word_1_270' title='bbox 695 3380 731 3434; x_wconf 89' lang='lat' dir='ltr'><strong>nt</strong></span> <span class='ocrx_word' id='word_1_271' title='bbox 755 3389 834 3454; x_wconf 86' lang='lat' dir='ltr'><strong>pace</strong></span> <span class='ocrx_word' id='word_1_272' title='bbox 847 3380 880 3435; x_wconf 92' lang='lat' dir='ltr'><strong>et</strong></span> <span class='ocrx_word' id='word_1_273' title='bbox 900 3372 965 3435; x_wconf 88' lang='lat' dir='ltr'><strong>otio</strong></span> <span class='ocrx_word' id='word_1_274' title='bbox 980 3374 1085 3438; x_wconf 89' lang='lat' dir='ltr'><strong>mites·</strong></span> 
     </span>
     <span class='ocr_line' id='line_1_38' title="bbox 72 3455 1172 3541; baseline 0.006 -25"><span class='ocrx_word' id='word_1_275' title='bbox 72 3468 159 3520; x_wconf 87' lang='lat' dir='ltr'><strong>ceret:</strong></span> <span class='ocrx_word' id='word_1_276' title='bbox 180 3455 355 3521; x_wconf 83' lang='lat' dir='ltr'><strong>undecima</strong></span> <span class='ocrx_word' id='word_1_277' title='bbox 368 3477 407 3521; x_wconf 87' lang='lat' dir='ltr'><strong>ac</strong></span> <span class='ocrx_word' id='word_1_278' title='bbox 428 3458 564 3541; x_wconf 89' lang='lat' dir='ltr'><strong>septima</strong></span> <span class='ocrx_word' id='word_1_279' title='bbox 583 3458 650 3521; x_wconf 86' lang='lat' dir='ltr'><strong>suis</strong></span> <span class='ocrx_word' id='word_1_280' title='bbox 671 3456 825 3539; x_wconf 82' lang='lat' dir='ltr'><strong>hybernis</strong></span> <span class='ocrx_word' id='word_1_281' title='bbox 851 3456 999 3524; x_wconf 82' lang='lat' dir='ltr'><strong>redditae:</strong></span> <span class='ocrx_word' id='word_1_282' title='bbox 1022 3470 1083 3523; x_wconf 89' lang='lat' dir='ltr'><strong>ter·</strong></span> <span class='ocrx_word' id='word_1_283' title='bbox 1169 3462 1172 3485; x_wconf 61' lang='lat'><em>³</em></span> 
     </span>
     <span class='ocr_line' id='line_1_39' title="bbox 73 3537 1172 3626; baseline 0.008 -26"><span class='ocrx_word' id='word_1_284' title='bbox 73 3537 263 3608; x_wconf 86' lang='lat' dir='ltr'><strong>tiadecimani</strong></span> <span class='ocrx_word' id='word_1_285' title='bbox 277 3551 401 3606; x_wconf 86' lang='lat' dir='ltr'><strong>struere</strong></span> <span class='ocrx_word' id='word_1_286' title='bbox 416 3543 650 3626; x_wconf 76' lang='lat' dir='ltr'><strong>amphitheatra</strong></span> <span class='ocrx_word' id='word_1_287' title='bbox 660 3540 758 3622; x_wconf 85' lang='lat' dir='ltr'><strong>jussi:</strong></span> <span class='ocrx_word' id='word_1_288' title='bbox 779 3561 857 3608; x_wconf 88' lang='lat' dir='ltr'><strong>nam</strong></span> <span class='ocrx_word' id='word_1_289' title='bbox 870 3543 1000 3609; x_wconf 85' lang='lat' dir='ltr'><strong>Caecina</strong></span> <span class='ocrx_word' id='word_1_290' title='bbox 1012 3546 1086 3608; x_wconf 78' lang='lat' dir='ltr'><strong>Ore</strong></span> <span class='ocrx_word' id='word_1_291' title='bbox 1170 3582 1172 3625; x_wconf 76' lang='lat'><em>÷</em></span> 
     </span>
     <span class='ocr_line' id='line_1_40' title="bbox 74 3627 1172 3718; baseline 0.002 -30"><span class='ocrx_word' id='word_1_292' title='bbox 74 3639 177 3710; x_wconf 79' lang='lat' dir='ltr'><strong>nona,</strong></span> <span class='ocrx_word' id='word_1_293' title='bbox 193 3629 312 3694; x_wconf 81' lang='lat' dir='ltr'><strong>Valens</strong></span> <span class='ocrx_word' id='word_1_294' title='bbox 327 3628 493 3710; x_wconf 87' lang='lat' dir='ltr'><strong>Bononiae,</strong></span> <span class='ocrx_word' id='word_1_295' title='bbox 508 3628 731 3713; x_wconf 83' lang='lat' dir='ltr'><strong>spectaculum</strong></span> <span class='ocrx_word' id='word_1_296' title='bbox 751 3627 966 3718; x_wconf 82' lang='lat' dir='ltr'><strong>gladiatorum</strong></span> <span class='ocrx_word' id='word_1_297' title='bbox 990 3630 1084 3692; x_wconf 89' lang='lat' dir='ltr'><strong>edere</strong></span> <span class='ocrx_word' id='word_1_298' title='bbox 1169 3652 1172 3701; x_wconf 55' lang='lat'><strong>⁴,</strong></span> 
     </span>
    </p>
   </div>
   <div class='ocr_carea' id='block_1_7' title="bbox 0 0 1212 4050">
    <p class='ocr_par' dir='ltr' id='par_1_8' title="bbox 0 0 1212 4050">
     <span class='ocr_line' id='line_1_41' title="bbox 0 0 1212 4050; baseline 0 0"><span class='ocrx_word' id='word_1_299' title='bbox 0 0 1212 4050; x_wconf 95' lang='lat' dir='ltr'><strong> </strong></span> 
     </span>
    </p>
   </div>
  </div>
 </body>
</html>
