2392 4050
333 246 380 293 ns
401 222 569 292 Mourena
589 224 815 289 Grannum
1017 223 1082 290 219

59 395 240 480 procedunt
255 398 380 464 armati.
424 395 923 481 Diemnoctemquecontinuare
935 395 1085 481 potando,

60 481 143 547 nulli
165 485 336 567 probrum.
380 487 518 567 Crebra,
537 484 672 548 utinter
685 481 877 563 vinolentos,
899 482 989 563 rlxae,
1011 489 1083 548 raro

59 566 227 651 conviciis,
251 570 518 654 saepiiiscadeet
531 569 721 634 vulneribus
744 568 975 656 transiguntur.
1019 566 1086 634 Sed

59 649 142 732 etde
156 654 412 721 reconciliandis
425 656 565 721 invicem
587 653 732 738 inimicis
742 665 774 718 et
791 653 969 741 jungendis
983 651 1087 719 affini·

58 738 178 825 tatibus
202 750 236 806 et
263 740 459 809 miscendis
484 740 698 825 Principibus,
719 738 761 803 de
783 759 861 825 pace
882 739 1022 823 denique
1047 758 1086 806 ac

58 821 150 904 bello,
166 826 366 910 plerumque
380 827 415 892 in
430 827 589 892 conviviis
597 827 801 891 consultant:
823 826 1086 911 tanquamnullo

60 909 160 995 magis
175 921 324 997 tempore
342 923 399 977 aut
420 912 462 979 sd
484 913 647 996 simplices
669 911 878 999 cogitationes
903 920 1007 995 petest
1021 911 1090 976 ani·

59 1010 139 1075 mus,
163 1008 224 1063 aut
239 998 285 1062 ad
299 1017 357 1062 ‘ma
404 1017 440 1063 as
463 998 646 1063 incalescat.
690 998 783 1064 Gens
801 1016 868 1061 non
889 1007 1005 1078 astuta,
1027 1017 1089 1065 nec

60 1079 185 1163 callida,
202 1084 311 1168 aperit
392 1102 434 1148 uc
448 1074 571 1149 &creta
584 1084 720 1167 pectoris
735 1082 864 1148 licentii
875 1082 951 1165 joci.
995 1082 1087 1171 Ergo

60 1161 185 1231 detecta
198 1178 233 1232 ot
249 1167 340 1235 nuda
354 1169 503 1235 omnium
517 1188 609 1234 mens
630 1169 756 1252 posteri
770 1168 822 1231 die
837 1177 1034 1250 retrectatur,
1055 1180 1089 1234 et

59 1249 148 1314 salva
162 1254 340 1339 utriusque
354 1255 505 1339 temporis
520 1254 601 1321 ratio
615 1266 673 1321 est
717 1254 911 1334 Deliberant,
932 1254 1014 1320 dum
1028 1255 1088 1321 fin·

62 1351 133 1418 gere
147 1341 327 1406 nesciunt}
350 1344 558 1421 constituunt,
580 1341 663 1407 dum
676 1358 782 1405 errare
796 1358 863 1404 nou
877 1351 1022 1423 possunt.

104 1421 238 1491 XXIII.
262 1427 359 1494 Potui
373 1426 491 1495 humor
502 1445 544 1491 ex
555 1426 680 1496 hordeov
688 1437 745 1491 aut
754 1425 926 1506 frumento,
942 1425 976 1491 iu
987 1443 1089 1510 quan·

63 1500 137 1572 dnm
157 1510 411 1578 similitudinem
425 1513 494 1579 vini
513 1523 694 1596 corruptus.
737 1511 882 1576 Proximi
901 1510 982 1594 ripae
996 1522 1028 1574 et
1043 1513 1090 1577 vi·

63 1605 365 1662 numsmeroautur.
410 1597 483 1668 Gibi
497 1597 678 1696 simplices3
702 1596 839 1682 agrestia
852 1616 956 1681 poma,
978 1615 1090 1664 recens

63 1672 136 1770 fera,
151 1692 211 1747 aut
227 1685 281 1749 lac
295 1696 492 1752 concretum.
535 1684 615 1750 Sine
629 1693 793 1768 apparatu,
807 1682 878 1746 sine
892 1681 1091 1749 blandimen-

63 1767 110 1842 itt,
126 1770 301 1852 expellunt
312 1767 442 1836 famem.
486 1770 648 1843 Adversis
662 1768 750 1831 sitim
763 1785 830 1830 non
844 1766 958 1830 eadem
971 1777 1092 1851 tempe·

66 1851 177 1917 rantis.
202 1855 204 1860 ’
224 1854 264 1922 si
279 1854 451 1921 indulseris
462 1853 615 1932 ebrietati,
630 1850 833 1949 suggerendo
847 1863 1007 1935 quantum
1016 1872 1091 1920 con·

67 1936 251 2079 tcupiosum,
274 1940 363 2005 haud
378 1942 484 2009 miuus
503 1938 597 2006 facilis
613 1938 711 2021 vitiis,
733 1938 832 2023 quini
846 1936 945 2002 armis
959 1937 1093 2006 vincen-

80 2034 127 2084 ur.
273 2040 275 2043 ·
723 2063 725 2071 ,
811 2044 812 2047 ¹

109 2104 238 2178 XXIV.
269 2114 386 2178 Genus
406 2112 667 2198 spectaculorum
694 2129 801 2175 unum
824 2119 920 2195 atque
941 2111 977 2176 in
1001 2111 1093 2178 omui

69 2201 152 2257 eoetu
167 2196 266 2263 idem.
311 2198 400 2266 Nudi
411 2197 559 2281 juvenes,
577 2197 697 2283 quibus
711 2197 745 2263 id
760 2196 922 2262 ludicrum
936 2206 992 2278 est,
1008 2197 1092 2264 inter

69 2274 191 2358 gladios
207 2305 244 2348 se
258 2295 355 2367 atque
369 2283 499 2350 infestas
521 2283 658 2350 frameas
672 2283 759 2347 saltu
777 2281 914 2365 jaciunt.
958 2283 1093 2351 Exerci-

69 2362 143 2429 tatio
154 2378 258 2433 artem
292 2371 402 2451 aravit,
418 2389 470 2435 ars
480 2369 648 2435 decorem:
671 2388 736 2433 non
752 2368 964 2465 inquinatum
974 2378 1092 2452 tamen,

72 2456 126 2510 aut
150 2471 241 2520 merc
282 2475 353 2541 em;
374 2455 525 2539 quamvis
550 2453 683 2520 audacis
706 2451 849 2518 lasciue
872 2453 1011 2537 pretium
1034 2464 1092 2536 est,

70 2533 216 2620 voluptas
232 2541 455 2626 spectandum.
498 2542 616 2607 Aleum
630 2538 731 2629 (quod
745 2537 874 2624 mirere)
894 2539 993 2605 sobrii
1008 2539 1093 2606 inter

72 2621 152 2685 seria
162 2637 325 2705 exercent,
339 2628 436 2691 ‘tanti
459 2626 606 2692 lucrandi
628 2623 825 2711 perdendive
838 2623 1023 2707 temeritate,
1046 2635 1093 2707 ut,

75 2703 145 2801 qim
164 2713 275 2776 omnia
298 2711 494 2793 defecerunt,
518 2723 663 2777 extremo
687 2730 726 2776 ac
751 2709 928 2776 neulssim‘c
946 2709 1036 2793 jactu
1052 2709 1094 2777 de

74 2784 216 2861 libertate
231 2797 318 2862 etde
339 2816 470 2883 corpore
493 2798 700 2863 contendant.
743 2796 855 2864 Victus
874 2797 1095 2863 voluntariam
1177 2878 1178 2885 ἵ

73 2880 261 2947 servitutem
283 2883 367 2949 adit:
395 2882 545 2967 quamvis
563 2883 726 2965 juvenior,
748 2881 898 2967 quamvis
923 2883 1093 2964 robustior,

77 2960 201 3058 alligari
216 2988 251 3033 se
265 2990 303 3034 ac
317 2970 428 3034 venire
451 2969 571 3053 patitur
585 2991 592 3034 :
615 2990 654 3034 ea
667 2980 716 3033 est
738 2969 772 3032 in
788 2987 822 3031 re
836 2967 937 3051 pravi
950 2968 1094 3049 pervica-

77 3062 145 3116 cra:
177 3053 239 3137 ipsi
263 3054 361 3121 fidem
384 3062 512 3119 vocant.
555 3054 675 3119 Servos
698 3051 892 3117 conditionis
917 3050 1016 3133 hujus
1038 3071 1096 3138 per

78 3139 267 3284 toltrtmercia
281 3141 423 3222 tradunt,
445 3149 482 3204 ut
496 3149 576 3203 etse
590 3158 719 3225 quoque
738 3135 861 3223 pudore
883 3136 1025 3204 victorie
1039 3159 1094 3207 ex·

77 3232 209 3290 terant.
918 3236 923 3251 ²

29 3304 34 3319 ’
120 3308 225 3377 XXV.
248 3311 370 3376 Ceteris
385 3312 495 3391 serris,
518 3328 584 3375 nou
600 3310 636 3374 in
650 3319 796 3374 nostrum
810 3327 941 3392 morem,
953 3309 1093 3398 descrip

79 3387 116 3451 tls
129 3412 184 3479 per
198 3396 355 3462 familiam
370 3397 564 3478 mibisteriis,
587 3404 733 3460 utuntur.
778 3395 880 3461 Suam
894 3396 1031 3479 quisque
1046 3418 1094 3462 se·

79 3470 157 3562 dem,
177 3501 255 3548 suos
280 3483 416 3547 Penates
441 3483 533 3568 regit.
578 3481 747 3547 Frumenti
772 3479 905 3546 modum
930 3481 1092 3562 dominus,
1177 3534 1179 3559 ,

82 3574 132 3627 sut
158 3566 291 3652 pecoris,
315 3579 371 3632 aut
392 3570 499 3650 vestis,
524 3578 562 3633 ut
587 3569 713 3647 colono,
738 3566 897 3651 injungit:
919 3577 951 3630 et
979 3584 1093 3629 servus
1177 3562 1179 3635 ἶ

82 3640 232 3719 hactenus
247 3665 344 3737 paret.
389 3655 504 3717 Cetera
517 3654 631 3717 dormis
646 3651 752 3715 officia
765 3670 848 3715 uxor
862 3668 900 3710 ao
915 3648 1006 3743 liberi
1020 3665 1094 3707 exe·
1177 3674 1179 3747 p

82 3742 229 3815 luuntur.
262 3741 435 3806 Verberare
446 3737 779 3802 servumacviuculis
790 3743 822 3797 et
831 3749 927 3812 opere
937 3743 1093 3804 coercere,
