2392 4050
328 256 376 300 nn
391 236 631 303 Oenomaus
646 238 841 306 Dracone.
1031 249 1098 315 279

60 406 136 473 sive
150 403 237 488 apud
258 406 370 486 tristes,
385 407 455 471 sive
475 409 561 491 apud
584 409 734 478 timentes
747 410 925 478 dicendum
938 412 1099 499 hebuerit,

61 491 184 556 tenebit
197 492 341 554 habenas
356 493 555 558 animorum:
578 506 610 559 et
624 506 720 577 prout
733 496 891 579 cujusque
900 507 1018 563 natura
1028 520 1098 583 pos-

62 578 191 655 tulabit,
206 575 370 640 adhibebit
383 590 562 642 manumet
583 581 771 662 temperabit
785 581 972 664 orationem,
986 593 1098 666 parata

62 661 157 726 omni
182 660 396 728 instrumento
417 673 449 726 et
471 662 512 726 ad
534 683 665 729 omnem
689 685 787 732 usum
808 666 957 749 reposito.
1001 669 1101 750 Sunt,

62 746 154 828 apud
167 765 248 829 quos
271 747 437 811 astrictum
451 757 482 811 et
496 750 679 828 collectum,
691 762 723 812 et
736 751 868 836 singula
881 753 990 815 statim
1003 772 1099 838 argu-

63 841 176 894 menta
187 830 387 895 concludens
396 831 525 898 dicendi
534 853 649 918 genus,
659 837 734 916 plus
746 836 822 899 fidei
833 844 974 900 meretur
987 858 995 898 :
1010 835 1100 919 apud

62 915 126 977 hos
152 915 277 978 dedisse
302 936 433 998 operam
454 917 635 981 dialecticae
658 919 812 1001 proficiet.
857 919 949 985 Alios
971 920 1045 983 susa
1065 930 1099 986 et

62 1002 212 1081 aequalis,
226 1011 258 1061 et
272 1020 314 1063 ex
329 1002 559 1065 communibus
580 1004 680 1067 dueta
694 1006 851 1086 sensibus,
872 1005 974 1068 oratio
994 1024 1027 1068 m
1073 1006 1079 1023 “

63 1084 224 1149 delectat:
247 1083 288 1147 ad
302 1086 362 1148 hos
377 1086 613 1167 permovendos
628 1090 849 1153 mutuabimur
863 1081 988 1171 aliquid
1002 1110 1022 1151 a
1066 1109 1099 1154 e·

63 1169 260 1252 ripateticis:
283 1168 319 1232 hi
339 1182 430 1253 aptos
444 1182 476 1233 et
496 1172 530 1234 in
546 1191 678 1236 omnem
698 1173 950 1255 disputationem
969 1184 1098 1255 parntm

59 1254 135 1335 jam
150 1257 235 1319 locos
249 1254 392 1337 dabunt3
416 1255 603 1319 Academici
619 1260 868 1342 pugnacitatem,
884 1258 976 1321 Plato
992 1259 1100 1324 altitu·

63 1340 189 1417 dinem,
212 1340 398 1422 Xenophon
418 1337 679 1420 jucunditatem:
703 1363 745 1406 ne
760 1344 896 1425 Epicuri
910 1340 1046 1424 quidem
1065 1351 1099 1407 et
1185 1337 1192 1354 “

64 1423 247 1488 Metrodori
272 1424 423 1487 honestas
451 1424 611 1506 quasdam
639 1427 894 1493 exclamationes
921 1445 1098 1507 assumere,

63 1511 194 1590 hisque,
206 1519 301 1591 prout
316 1529 366 1572 res
382 1511 492 1591 poscit,
503 1511 561 1589 uti,
573 1512 718 1576 alienum
733 1512 793 1575 erit
807 1513 935 1576 oratori.
980 1511 1099 1594 Neque

63 1595 158 1659 euim
171 1592 350 1676 sapientem
361 1593 582 1673 informamus,
597 1615 707 1678 neque
722 1598 905 1661 Stoicorum
920 1597 1096 1676 civitatem,

62 1678 126 1743 sed
140 1697 225 1756 eum,
236 1678 293 1760 qui
310 1698 376 1742 non
390 1678 547 1760 quasdam
563 1689 648 1746 artes
664 1680 804 1758 haurire,
814 1680 869 1742 sed
887 1699 1000 1742 omnes
1021 1680 1098 1742 libe·

64 1764 188 1842 taliter,
205 1762 307 1827 dehet.
352 1762 493 1845 Ideoque
514 1773 546 1826 et
557 1761 642 1842 juris
664 1763 771 1826 civilis
786 1764 957 1828 scientiam
973 1773 1098 1828 veteres

64 1861 211 1911 oratores
233 1847 559 1929 comprehendebant,
575 1859 606 1910 et
621 1847 842 1932 grammatici,
857 1846 982 1910 musica
998 1856 1032 1908 et
1044 1864 1100 1930 ge-

64 1932 206 2000 omeeie
229 1932 468 1996 imbuebantur.
513 1932 669 1996 Incidunt
692 1931 782 1994 enirn
807 1950 924 2009 causa,
949 1928 1099 2012 plurimu

65 2016 205 2101 quidem
220 2038 259 2081 ac
274 2018 370 2099 paene
383 2035 505 2095 omues,
520 2018 641 2099 quibus
649 2015 734 2096 juris
750 2015 866 2079 notitia
878 2014 1098 2081 desideratur:

66 2105 233 2185 pleraeque
255 2112 374 2182 autem,
398 2102 433 2165 in
455 2102 574 2182 quibus
597 2102 648 2163 hae
670 2119 801 2183 quoqne
830 2100 973 2165 scientiae
994 2097 1100 2181 requi·

68 2194 201 2247 runtur.

115 2266 264 2329 XXX'll,
289 2267 357 2329 Nec
385 2268 560 2345 quisquam
584 2269 793 2348 respondeat:
827 2270 962 2335 ‘suffieit
990 2277 1029 2333 nt
1056 2268 1099 2335 ad
1133 2333 1140 2344 ,

67 2357 200 2429 tempus
224 2347 365 2429 simplex
386 2347 542 2430 quiddam
555 2360 587 2411 et
608 2350 769 2415 uniforme
791 2350 986 2419 doceamur)
1031 2354 1101 2416 Pri·

68 2433 162 2497 mirm
190 2431 280 2494 enirn
308 2432 401 2494 aliter
431 2431 553 2495 utimur
583 2436 728 2516 propriis,
755 2436 849 2500 aliter
870 2435 1099 2503 commodatis:

68 2518 235 2663 loupeque
257 2516 410 2581 interesse
435 2515 646 2585 manifestum
663 2528 721 2599 est,
741 2518 903 2602 possideat
924 2521 1009 2601 quis,
1025 2538 1101 2616 quae

69 2621 131 2685 pro
144 2611 200 2676 ert,
228 2621 268 2664 au
298 2611 475 2675 mutuetur.
520 2600 648 2666 Deinde
671 2603 742 2685 ipsa
775 2605 954 2669 multarum
980 2614 1101 2671 artium

68 2684 210 2763 scientia
222 2685 321 2749 etiam
332 2685 421 2751 aliud
437 2695 568 2770 agentes
582 2700 643 2750 nos
656 2698 757 2767 ornat,
773 2699 879 2771 atque,
891 2688 949 2753 nbi
964 2688 1100 2755 minime

69 2769 194 2848 credas,
209 2771 329 2835 eminet
343 2782 375 2833 et
387 2771 535 2837 excellit:
559 2771 656 2854 idque
667 2791 734 2837 nou
743 2772 859 2839 doctus
869 2773 965 2838 modo
978 2785 1010 2838 et
1024 2793 1101 2857 pru.-

69 2854 154 2919 deus
177 2853 313 2935 auditor,
328 2855 385 2919 sed
408 2856 505 2919 etiam
527 2860 669 2938 populus
689 2857 842 2943 intelligit
864 2879 903 2922 aa
923 2858 1033 2923 statim
1055 2859 1102 2924 iu

71 2938 173 3009 laude
196 2938 408 3023 prosequitur,
432 2950 470 3003 ut
495 2941 638 3026 legitime
662 2941 835 3019 studuisse,
848 2952 886 3005 ut
909 2961 965 3022 per
986 2951 1101 3005 omnes

70 3025 266 3106 eloquentiae
280 3044 434 3091 numeros
449 3025 520 3103 isse,
535 3034 572 3086 ut
582 3025 723 3106 denique
734 3035 897 3089 oratorem
911 3025 1010 3088 etiam
1024 3023 1102 3092 tato

71 3120 169 3175 atur:
192 3126 292 3191 quem
305 3129 373 3174 non
389 3129 482 3191 pesse
503 3108 597 3173 aliter
619 3109 852 3188 existere-nec
873 3109 1017 3173 extitisse
1040 3127 1102 3173 un·

70 3213 182 3277 quam,
192 3194 358 3271 confirmo,
369 3193 432 3256 nisi
447 3214 532 3269 eum,
542 3193 599 3276 qni
612 3202 767 3274 tanquam
779 3193 813 3255 in
826 3192 931 3256 aciem
945 3192 1100 3261 amitibus

71 3279 173 3345 armis
188 3280 375 3354 instructus,
398 3278 494 3343 sicin
509 3277 618 3342 forum
638 3278 789 3342 omnibus
810 3277 933 3346 artibus
947 3291 1100 3361 armatus,

9 3412 16 3419 -
71 3363 207 3429 exierit:
230 3363 317 3446 qnod
340 3363 421 3427 adab
443 3362 621 3449 negligitur
642 3362 684 3425 ab
708 3363 827 3427 horum
849 3375 1033 3446 temporum
1054 3364 1102 3431 di·

71 3448 176 3529 sertis,
191 3459 228 3512 ut
243 3448 277 3511 in
292 3448 474 3513 actionibus
488 3467 602 3513 eorum
621 3447 685 3513 sax
698 3467 828 3531 quoque
841 3448 1023 3532 quotidiani
1037 3466 1102 3511 ser·

73 3533 191 3612 monis,
206 3532 293 3598 foeda
312 3554 350 3598 ac
365 3533 518 3616 pudenda
532 3531 620 3611 vitia,
635 3531 915 3614 deprehendantur
928 3554 936 3613 ;
960 3541 997 3594 ut
1011 3531 1103 3624 igno

74 3627 148 3682 rent
175 3620 272 3703 leges,
294 3624 364 3682 nou
389 3628 520 3683 teneaat
542 3617 680 3682 Senatirs
702 3616 861 3692 consulta,
883 3614 939 3693 jus
961 3614 1102 3699 civitatis

74 3703 163 3772 ultrb
176 3702 360 3773 derideant:
383 3700 549 3789 sapientia
561 3702 639 3779 verb
652 3700 1102 3780 stadiumetpreaeptapru-
