2392 4050
142 207 186 277 98
486 212 523 276 C.
539 211 651 277 Coun.
667 210 804 308 Tacrrr
958 162 1141 347 [A'ld'w
1175 206 1176 299 l

142 403 227 466 uam,
242 393 280 452 nt
293 382 408 463 hostes,
423 380 535 450 fecere.
579 384 762 469 Rapiuntnr
773 404 863 449 arma
874 393 908 448 et
920 393 959 450 ut
971 383 1144 469 proditionis

141 472 190 536 ira
212 471 355 571 militum
375 470 410 533 in
433 469 475 534 T.
490 472 648 552 Ampium
670 471 870 536 Flavianum
889 470 1045 560 incubuit,
1065 471 1144 534 nullo

142 556 289 623 criminis
311 565 511 642 argumento,
537 556 593 620 sed
624 556 695 638 jam
722 556 847 640 pridem
873 555 1010 637 invisus,
1032 557 1145 620 turbine

141 642 283 729 quodam
307 640 347 706 ad
370 640 507 705 exitium
528 643 740 724 poscebatur:
764 650 771 682 ‘
804 641 1002 725 ropinquum
1028 640 1145 720 Vitellii,
1175 694 1176 697 ,

164 728 337 792 roditorem
351 726 500 806 Othonis,
521 726 764 811 interceptorem
777 663 930 792 donativi
945 728 1147 793 clamitabant
1175 760 1176 807 ,

142 748 213 881 flea
227 810 406 878 defensioni
422 812 523 893 locus,
543 832 698 896 quanqua
720 896 723 901 Ι
745 812 907 916 supplices
922 832 1041 877 manus
1055 812 1153 885 tende,
1175 832 1176 837 ¹

141 910 198 981 rat,
221 899 312 963 humi
334 898 523 982 plerumque
544 910 670 979 stratus,
705 887 797 962 ac'era
819 909 916 980 veste,
939 910 1052 982 pectrm
1066 908 1146 979 atque
1163 852 1177 958 f

141 1004 199 1050 ora
212 985 358 1070 singultu
371 983 537 1066 quatiens:
552 982 585 1047 id
601 983 709 1067 ipsum
722 983 809 1067 apud
820 983 961 1049 infensos
974 984 1147 1048 incitamen·

141 1079 302 1150 tumeret,
324 1079 478 1151 tanquam
495 1069 617 1133 nimius
639 1089 738 1152 pavor
758 1069 988 1135 conscientiam
1003 1077 1145 1155 argueret

143 1155 382 1220 Obturbubatur
397 1154 539 1219 militurn
559 1155 694 1219 vocibus
708 1155 864 1239 Aponius,
886 1157 960 1220 edm
973 1155 1065 1239 loqui
1079 1171 1147 1234 coep

141 1251 241 1305 taret:
263 1240 393 1304 fremitu
415 1251 449 1308 et
467 1242 614 1305 elamore
628 1253 749 1304 ceteros
771 1251 1001 1324 aspernantur:
1023 1240 1082 1305 uni
1095 1241 1147 1303 An·

141 1327 228 1392 tonio
242 1335 356 1410 apertae
378 1325 520 1390 militnm
534 1344 648 1389 aures:
670 1345 810 1408 namque
824 1337 856 1390 et
868 1325 1023 1391 facundia
1044 1324 1145 1401 aderat,

142 1410 371 1495 mulcendique
382 1412 521 1508 vulgum
532 1420 615 1473 artes
630 1421 663 1475 et
673 1413 856 1477 auctoritas.
898 1412 963 1477 Ubi
971 1412 1145 1476 crudescere

141 1497 264 1580 seditio,
286 1507 318 1561 et
332 1517 353 1559 a
366 1496 524 1560 convrciis
538 1505 569 1559 et
583 1498 707 1579 probris
729 1496 769 1560 ad
790 1501 853 1563 tela
865 1508 898 1561 et
912 1517 1030 1562 manus
1051 1493 1147 1561 nans·

141 1585 228 1663 bant,
256 1581 364 1664 ‘injici
379 1583 522 1647 catenas’·
539 1582 699 1646 Flaviano
717 1580 818 1662 jubet.
861 1584 969 1648 Sensit
984 1582 1146 1648 ludibrium

141 1671 245 1748 miles,
266 1667 479 1750 disjectisque,
500 1667 557 1751 qui
579 1667 721 1732 tribuual
744 1670 924 1748 tuebantur,
946 1664 1145 1734 entremenis

141 1756 323 1843 parabatur.
369 1754 527 1837 Opposuit
541 1752 650 1817 sinum
664 1753 835 1835 Antonius,
850 1754 961 1820 stricto
975 1755 1068 1833 ferro,
1088 1758 1145 1814 ‘aut
1170 1808 1174 1817 .

135 1841 287 1925 ‚militum
300 1860 334 1904 se
348 1839 506 1919 manibus,
529 1848 586 1902 aut
599 1839 678 1918 suis,
700 1838 901 1903 moriturum'
923 1842 1101 1905 obtestans:
1119 1842 1146 1896 ut

142 1945 303 2012 quemque
319 1937 431 1990 notum
444 1936 477 1989 et
491 1924 599 2008 aliquo
613 1925 741 1988 militari
751 1923 866 1990 decore
874 1924 1038 2013 insignem
1052 1940 1143 2007 aspex-

58 2047 90 2096 ·,
140 2023 221 2094 erat,
244 2013 285 2077 ad
307 2011 472 2078 ferendam
496 2030 591 2093 opem
605 2010 736 2075 nomine
751 2010 850 2076 ciens.
894 2012 974 2080 Mox
988 2023 1144 2077 conversus

112 2103 129 2120 ‘'
143 2101 186 2164 ad
200 2099 302 2184 signa,
328 2109 360 2162 et
373 2099 534 2161 bellorum
549 2096 645 2175 Deos,
668 2095 827 2161 ‘bostium
847 2099 950 2181 potiirs
968 2096 1143 2163 exercitibus

143 2186 240 2250 illum
258 2182 409 2263 furorem,
432 2180 730 2263 illaniscordiam
751 2181 936 2265 injicerent’
957 2185 1085 2248 orabat:
1103 2177 1142 2241 do·

142 2290 203 2335 uec
218 2268 378 2332 fatisceret
391 2266 513 2345 seditio,
528 2276 568 2348 et,
580 2278 721 2332 extremo
739 2265 809 2348 jam
822 2268 883 2348 die,
899 2288 959 2344 sua
972 2264 1141 2353 quisquein

142 2354 279 2421 tentoria
299 2353 525 2418 dilaberentur.
569 2352 735 2417 Profectus
745 2353 860 2417 eidem
872 2364 966 2420 nocte
981 2353 1141 2420 Flavianus

143 2440 249 2507 obviis
261 2438 450 2524 Vespasiani
461 2438 570 2517 literis,
584 2437 765 2502 discrimini
779 2451 926 2504 exemtus
942 2451 1002 2505 est.

127 2512 249 2633 sXl.
272 2525 441 2611 Legiones,
463 2524 565 2587 veluti
583 2524 655 2587 tabe
677 2524 811 2605 infectae,
834 2527 1002 2608 Aponium
1016 2518 1141 2593 Saturni-

144 2632 234 2691 num,
257 2610 382 2677 Moesici
397 2608 555 2673 exercitiis
569 2609 738 2693 Legatum,
760 2611 799 2674 eb
812 2611 948 2676 atrocius
970 2610 1142 2699 aggrediun-

101 2713 103 2720 ‘
143 2709 206 2777 tur,
220 2697 306 2780 quod
320 2715 396 2777 non,
418 2705 455 2758 ut
468 2694 564 2777 priris,
587 2696 695 2759 labore
709 2707 741 2758 et
755 2716 850 2779 opere
864 2696 963 2779 sessa,
985 2692 1042 2762 sed
1057 2691 1142 2762 medio

141 2783 206 2847 diei
229 2789 431 2846 exarserant:
461 2780 603 2866 vulgatis
626 2780 777 2863 epistolis,
798 2801 878 2866 quas
901 2772 1141 2848 Saturninused

142 2869 312 2934 Vitellium
326 2866 491 2950 scripsisse
506 2865 701 2931 credebatur.
746 2867 790 2932 Ut
803 2868 883 2932 olim
897 2869 1026 2932 virtutis
1041 2863 1142 2932 modes

142 2956 269 3039 tiaeque,
284 2965 362 3019 tuno
377 2952 578 3035 procacitatis
592 2961 624 3015 et
639 2952 834 3034 petulantie,
849 2966 1009 3019 certamen
1029 2964 1100 3032 erat,
1111 2964 1141 3011 m

145 3042 253 3107 nunus
271 3040 425 3105 violenter
446 3038 619 3123 Aponium,
641 3041 739 3121 quam
753 3039 959 3119 Flavianum,
981 3039 1024 3103 ad
1043 3031 1142 3120 suppli·

144 3128 234 3192 cium
247 3127 464 3209 deposcerent.
522 3124 654 3206 Quippe
669 3124 811 3189 Moesica
825 3126 976 3210 legiones,
1000 3125 1140 3212 ‘adqu

100 3206 126 3287 Ὗ
145 3234 166 3276 a
179 3233 213 3276 se
235 3211 500 3276 Pannonicorum
519 3210 697 3290 ultionem,'
719 3210 898 3292 referentes,
918 3223 951 3274 et
971 3205 1140 3276 Pannona

146 3301 237 3362 velut
261 3299 501 3361 absolverentur
530 3296 669 3359 aliorum
697 3296 861 3377 seditione,
890 3297 1003 3362 iterare
1032 3297 1140 3383 culpati

145 3382 338 3469 gaudebant.
382 3382 421 3445 Iu
437 3382 553 3461 hortos,
576 3379 610 3443 iu
633 3381 750 3462 quibus
771 3379 995 3447 devertebatur
1016 3382 1139 3446 Saturnl·

123 3509 125 3513 »
144 3488 217 3547 nus,
240 3476 385 3548 pergunt,
408 3484 467 3527 nec
483 3478 547 3525 tarn
563 3465 691 3527 Primus
705 3478 737 3528 et
750 3467 940 3548 Aponianus
953 3478 986 3530 et
1000 3462 1138 3536 Messall&

144 3568 332 3633 quanquam
346 3547 435 3610 omni
457 3547 551 3608 modo
566 3548 640 3624 nisi,
651 3550 797 3631 eripuere
817 3552 1042 3631 Saturninum,
1063 3548 1146 3634 qum,

145 3632 321 3696 obscuritas
350 3631 552 3707 latebrarum,
582 3630 700 3711 quibus
728 3637 943 3714 occulebatur,
973 3635 1138 3699 vacantium

146 3717 225 3778 forte
240 3715 428 3779 balnearum
440 3712 624 3777 fornacibus
637 3715 782 3781 abditus:
805 3739 891 3801 mox,
906 3720 1034 3786 omissis
1044 3715 1140 3786 lictori·
