2392 4050
75 215 109 279 t.
125 214 159 280 G.
174 213 237 302 aa]
375 215 818 282 Hrsroa.L1a.Taaa1ns.
1022 217 1085 284 113

73 387 129 452 tius
142 389 277 470 Valenti,
292 394 391 472 quam
404 388 518 469 littora,
534 400 590 454 aut
600 389 714 471 urbes;
738 388 782 454 ita
791 387 892 454 saturi
904 389 1084 477 ambiguus,

73 484 100 535 et
112 477 219 560 magis,
240 475 321 559 quid
337 474 462 555 vitaret,
483 477 582 559 quam
604 476 658 540 cui
682 475 801 555 fideret,
823 488 937 557 certus,
951 477 1086 541 adversi

72 567 244 643 tempestate
258 560 456 641 stechadas,
469 562 720 627 Massiliensium
731 561 865 645 insulas,
877 562 1025 627 affertur:
1040 563 1085 628 ibi

70 664 137 708 eum
152 647 256 712 missae
271 667 291 711 a
305 646 445 711 Paulino
461 647 648 714 Liburnicae
662 649 856 731 oppressere.

105 730 221 796 XLIV.
245 734 347 816 Capto
357 734 501 812 Valente,
511 747 629 799 cuncta
639 734 679 797 ad
691 733 819 798 victoris
829 753 904 817 opes
917 750 1081 815 conversa,

70 812 153 880 initio
165 837 223 900 per
234 818 428 901 Hispaniam
438 838 459 881 a
471 819 574 901 primi
589 819 758 900 Adiutrice
770 819 895 904 legione
909 832 988 899 orto,
1002 839 1084 902 quae,
1130 869 1135 879 .

69 903 212 967 memorii
234 903 374 968 Othonis
399 903 526 969 infensa
546 904 686 985 Vitellio,
710 905 869 969 decimam
890 925 1018 988 quoque
1043 924 1082 970 ac

67 998 181 1053 sextam
205 989 312 1053 traxit
356 989 427 1056 Nec
455 991 572 1054 Gallia
598 991 842 1055 cunctabantur.
887 990 932 1053 Et
954 990 1081 1056 Britan·

67 1070 155 1154 mam,
172 1075 316 1157 inclytus
330 1093 408 1161 erga
423 1076 657 1159 Vespasianum
671 1075 771 1156 favor,
785 1075 872 1158 qnbd
886 1077 955 1141 illic
966 1096 1081 1143 secun·

65 1155 109 1222 dae
123 1158 243 1241 legioni
257 1181 277 1223 a
292 1159 429 1224 Claudio
452 1162 640 1245 prepositus
664 1171 697 1224 at
718 1161 803 1225 bello
828 1162 936 1226 clarus
961 1172 1080 1249 egerat,

66 1244 208 1310 nonsina
229 1255 319 1310 nrotu
341 1245 492 1328 adjunxit
516 1259 706 1326 ceterarum,
730 1246 766 1310 in
790 1247 908 1332 quibus
933 1248 1077 1332 plerique

67 1327 272 1395 Centuriones
286 1351 325 1396 ac
340 1331 491 1399 militesa
512 1332 642 1398 Vitellio
658 1333 809 1416 provecti,
824 1343 994 1417 expertum
1011 1332 1080 1416 jam

67 1409 241 1499 Principem
254 1416 345 1481 anxii
360 1420 536 1483 mutabant.

101 1501 201 1567 XLV.
223 1501 449 1570 Etdiscordia
463 1512 494 1566 et
516 1503 634 1567 crebris
656 1503 733 1571 belli
759 1503 865 1568 civilis
888 1503 1079 1587 rumoribus,

65 1583 204 1652 Britanni
218 1587 378 1655 sustulere
402 1589 538 1669 animos,
560 1602 690 1654 anctore
716 1589 877 1655 Venutio:
898 1589 965 1672 qui,
980 1609 1078 1673 super

65 1667 187 1737 insitam
202 1670 355 1739 ferociam
372 1684 405 1737 et
427 1674 564 1739 Romani
586 1675 736 1754 nominis,
750 1673 871 1755 odium,
886 1675 1021 1758 propriis
1042 1677 1077 1742 in

66 1755 497 1845 Cartismanduamreginam
511 1760 652 1824 stimulis
673 1760 916 1824 accendebatur.
960 1761 1078 1825 Cattis·

64 1842 197 1908 mandua
222 1844 428 1928 Brigantibus
451 1845 660 1929 imperitabat,
686 1845 812 1928 pollens¹
837 1843 1021 1908 nobilitate:
1047 1858 1079 1912 et

64 1939 189 1992 auxerat
203 1929 386 2013 potentiam,
401 1939 577 2014 postquam,
594 1942 686 2016 capto
710 1949 766 2012 per
780 1929 892 1993 dolum
914 1928 1002 2014 Rege
1019 1932 1079 1997 Oa-

62 2022 191 2097 rectam,
201 2014 390 2081 instruxisse
405 2015 605 2101 triumphurn
614 2015 743 2083 Claudii
754 2014 889 2082 Caesaris
900 2014 1077 2083 videbatur.

64 2098 135 2162 lude
149 2120 236 2185 opes,
251 2113 282 2165 et
295 2122 404 2168 rerum
425 2102 644 2182 &undarum
668 2106 784 2167 luxus:
806 2110 913 2184 spreto
936 2101 1076 2168 Venutio

62 2183 171 2267 (isfuit
186 2186 332 2273 maritus)
344 2188 539 2275 armigerum
552 2187 633 2269 ejus,
645 2189 855 2267 Vellocatum,
868 2185 902 2249 in
914 2187 1076 2254 matrimo

62 2268 149 2335 nium
162 2270 377 2357 Regnumque
396 2273 529 2357 accepit.
573 2275 738 2339 Gonoussa
758 2273 863 2337 statim
876 2272 998 2358 flagitio
1019 2274 1076 2339 do·

63 2372 138 2419 mus.
181 2357 246 2421 Pro
271 2360 385 2423 marito
410 2358 517 2423 studia
540 2359 702 2439 civitatis3
723 2378 781 2441 pro
806 2358 952 2421 adultero
977 2359 1076 2425 libido

62 2435 187 2526 Reginae
201 2454 232 2506 et
246 2443 376 2509 saevitia
420 2437 522 2592 igitur
535 2445 692 2509 Venutius
703 2442 812 2507 accitis
823 2442 963 2524 auxiliis,
975 2444 1074 2510 simul

61 2522 199 2607 ipsorum
219 2528 410 2615 Brigantum
454 2529 614 2608 electione,
638 2529 672 2593 in
697 2538 879 2594 extremum
900 2528 1073 2595 discrimen

63 2609 336 2678 Cartismanduam
350 2614 492 2680 adduxit.
536 2614 628 2678 Tum
648 2615 746 2699 petita
760 2635 780 2678 a
793 2613 949 2678 Romanis
963 2617 1073 2699 praesi·

61 2694 129 2761 dia:
150 2707 181 2761 et
195 2699 340 2763 cohortes
364 2702 488 2784 alaeque
512 2710 640 2779 nostrae,
655 2700 754 2763 variis
779 2700 906 2783 praeliis,
928 2702 1073 2767 exemere

61 2789 173 2933 tharnenl
182 2784 325 2867 periculo
340 2785 506 2872 Reginam.
549 2784 703 2871 Regnum
716 2786 867 2866 Venutio,
882 2786 1072 2853 bellumne

81 2883 116 2946 ts,
130 2888 163 2931 re
177 2870 287 2936 ictum.
865 2891 867 2896 ’

101 2952 217 3019 XLVI.
259 2956 407 3020 Turbata
419 2975 474 3040 per
488 2955 617 3021 eosdem
630 2955 698 3020 dies
715 2956 897 3037 Germania,
920 2966 952 3019 et
966 2975 1072 3021 socor-

62 3034 113 3101 dia
127 3038 264 3123 Ducum,
279 3050 311 3103 et
331 3041 484 3105 seditione
506 3041 680 3127 legionum.
724 3041 869 3107 Exerna
882 3042 926 3123 vi,
940 3040 1075 3127 perfidia

60 3122 175 3206 sociali,
189 3128 287 3209 prope
299 3126 571 3193 affiictaBomana
584 3146 644 3191 rea.
688 3126 726 3190 Id
741 3128 862 3191 bellum
877 3146 953 3191 cum
964 3129 1071 3195 causis

62 3217 91 3269 et
103 3212 265 3276 eventibus
280 3211 411 3295 (etenim
431 3213 558 3298 longiis
578 3225 767 3297 provectum
781 3213 841 3297 est)
855 3232 931 3277 mox
953 3234 1072 3281 memo·

62 3292 201 3361 rabimus.
246 3296 336 3361 Mota
359 3308 390 3363 et
416 3298 579 3364 Dacorum
603 3318 692 3385 gens,
707 3317 876 3382 nunquam
897 3298 970 3382 fida,
992 3313 1070 3368 tunc

62 3378 233 3463 simmam,
249 3381 386 3448 abducto
407 3403 426 3447 e
441 3383 555 3448 Maesta
569 3384 722 3450 exercitu.
766 3384 831 3451 Sed
845 3383 949 3468 prima
962 3406 1071 3454 rerum

62 3464 153 3557 quieti
173 3468 438 3552 speculabantur:
461 3470 517 3533 ubi
538 3469 673 3553 flagrare
695 3471 823 3535 Italiam
844 3470 936 3552 bello,
952 3484 1070 3537 cuncta

62 3550 194 3617 invicem
206 3554 342 3635 hostilia,
357 3554 516 3638 accepere,
530 3554 723 3641 expugnatis
737 3550 919 3620 cohortium
933 3558 1070 3620 alarum·

61 3638 277 3722 quehybernis
291 3638 427 3723 utraque
443 3640 586 3704 Danubii
598 3641 667 3722 ripa
677 3640 889 3722 potiebantur.
933 3640 1069 3715 Jamque

62 3728 156 3789 castra
168 3725 335 3812 legionum
346 3723 530 3793 exscindere
543 3726 704 3872 pagabam,
714 3725 748 3789 ni
761 3721 933 3788 Mucianus
944 3728 1068 3781 sextam
