2392 4050
48 155 83 220 A.
98 154 204 244 dee]
332 156 483 222 Hieron.
498 155 578 222 Lre.
594 155 774 223 Triarius.
983 159 1047 225 119

46 336 137 393 trema
154 329 359 410 obstinatum,
380 327 609 394 trucidandum
630 328 886 412 capiendumque
908 327 1047 413 tradidit,

45 413 230 495 peritissimis
252 415 487 481 Centrrrionum
507 415 777 494 dissentientibus,
795 424 836 496 et,
857 414 885 485 si
903 415 1049 479 consule-

45 510 153 580 rentur,
175 522 252 567 vera
265 500 407 567 dicturis
451 501 594 565 mouere
608 520 662 565 eos
677 500 782 567 intimi
803 498 982 564 amicorum
995 500 1050 565 Vi·

41 584 121 670 tedii,
135 586 180 652 ita
192 588 335 653 formatis
349 585 508 671 Principis
523 587 665 669 auribus,
675 597 713 651 ut
726 587 845 670 aspere,
859 605 932 683 que
946 585 1048 669 utilia,

44 675 290 758 necquicquam,
305 673 366 738 nisi
387 671 573 754 jucundum
584 684 617 736 et
632 673 793 751 Iasorum,
809 681 977 756 acciperet.

79 757 188 833 LVIL
218 760 284 825 Sed
298 761 434 823 classem
444 757 661 823 Misenensem
659 760 810 908 Samum
823 757 975 823 civilibus
986 758 1050 823 dis·

44 844 149 909 cordiis
162 846 261 911 etiam
274 845 480 931 singulorum
490 844 627 908 audacia
637 866 659 908 v
691 844 736 929 et)
751 843 909 908 Claudius
923 844 1051 909 Faven·
1146 884 1151 897 ·

44 927 129 1012 tinus,
144 929 310 1010 Centurio,
325 949 382 1014 per
393 928 605 1015 ignominiam
620 950 640 993 a
654 929 760 994 Galba
768 928 929 1011 dimissus,
944 929 984 994 ad
996 930 1050 995 de·

43 1012 201 1081 lectionem
212 1015 319 1097 traxit,
334 1015 417 1079 fictis
431 1015 619 1100 Vespasiani
634 1015 777 1098 epistolis
791 1014 931 1098 pretium
944 1016 1050 1099 prodi·

43 1099 125 1167 tionis
149 1113 325 1167 ostentans.
368 1101 506 1167 Praeerat
536 1100 630 1164 classi
657 1099 816 1164 Claudius
841 1101 1049 1203 Apollinaris,

45 1202 134 1271 neque
148 1187 224 1252 fidei
242 1196 402 1268 constans,
417 1205 521 1270 neque
537 1197 689 1251 strenuus
703 1186 738 1250 in
752 1185 904 1270 perfidia:
927 1199 958 1251 et
972 1189 1050 1273 Api·

44 1270 107 1336 nius
117 1274 209 1354 Tiro,
221 1273 368 1338 Pratum
377 1272 517 1351 iunctus,
533 1291 571 1334 ac
581 1283 650 1336 turn
660 1270 741 1336 ferte
753 1271 929 1336 Minturnis
941 1293 1049 1361 agens,

46 1355 158 1441 lineam
169 1380 203 1424 se
218 1358 432 1424 defectoribus
445 1357 582 1422 obtulit:
604 1357 757 1443 aquibus
771 1357 949 1441 municipia
963 1360 1049 1424 colo·

45 1443 156 1528 uimque
176 1446 336 1530 impulsa,
367 1442 529 1528 praecipuo
552 1443 806 1508 Puteolanorum
828 1444 862 1507 in
885 1443 1049 1527 Vespasia-

45 1543 112 1594 num
133 1531 248 1613 studio,
279 1531 389 1594 contri
418 1528 530 1612 Capud
556 1529 686 1594 Vitellio
714 1529 788 1611 fidia,
817 1529 1049 1614 municipalem

46 1617 271 1682 emulationem
284 1616 376 1681 bellis
391 1613 747 1680 civilibus-miscebant.
791 1615 938 1680 Vitellius
953 1618 1050 1682 Glau-

46 1696 124 1765 dium
138 1704 309 1767 Julianum
332 1701 373 1788 (is
387 1719 491 1784 nuper
505 1702 640 1765 classem
658 1701 872 1766 Misenensem
885 1701 977 1765 molli
991 1703 1050 1768 im·

46 1786 119 1863 perio
129 1789 268 1874 rexerat)
282 1784 520 1870 permulcendis
531 1785 673 1850 militurn
684 1784 800 1851 animis
813 1785 952 1870 delegit:
974 1787 1050 1852 date

46 1866 236 1938 inauxilinm
246 1876 373 1937 urbana
382 1872 496 1936 cohors
510 1881 542 1935 et
556 1872 756 1957 gladiatores,
771 1871 888 1953 quibus
896 1870 1050 1937 Julianus

46 1970 173 2036 preerat.
218 1959 265 2023 Ut
279 1959 395 2023 collata
414 1957 576 2041 utrimque
594 1966 699 2021 castra
716 1956 804 2022 haud
819 1955 937 2044 magud
952 1977 1050 2024 cunc·

46 2041 149 2109 tatione
163 2046 297 2110 Juliano
312 2044 347 2110 in
361 2054 465 2128 partes
478 2042 666 2126 Vespasiani
680 2053 885 2129 transgresso,
901 2043 1050 2109 Tarraci-

46 2142 110 2222 nam
123 2130 333 2214 occupavere,
355 2128 516 2194 moenibus
531 2129 658 2214 situque
669 2128 779 2218 magis,
793 2129 892 2212 quim
905 2129 1051 2213 ipsorum

47 2228 73 2274 m
95 2215 164 2280 enio
180 2225 293 2280 tutam.
945 2230 949 2237 ·

75 2233 194 2367 gIrVIII.
220 2302 305 2372 Quae
319 2301 375 2365 ubi
386 2299 514 2380 Vitellio
537 2299 673 2397 cognita,
687 2310 775 2384 parte
790 2299 956 2398 copiarum
970 2301 1051 2367 Nar·

47 2382 97 2447 nie
110 2405 185 2453 oum
199 2385 361 2453 Praeleotis
376 2383 519 2453 Praetorii
534 2385 653 2466 renate,
668 2386 707 2450 L.
729 2386 897 2451 Vitellium
909 2384 1048 2466 fratrem,

48 2486 112 2536 eum
126 2492 184 2561 sex
196 2471 381 2537 cohortibus
395 2483 426 2535 et
438 2470 626 2557 quingentis
636 2469 807 2554 equitibus,
819 2471 982 2559 ingruenti
993 2490 1050 2555 per

48 2554 250 2641 Onnpnniam
261 2558 347 2621 bello
361 2556 517 2641 opposuit.
560 2556 633 2639 lpse
646 2576 732 2643 aeger
746 2556 855 2638 animi,
866 2556 980 2621 studiis
991 2557 1050 2622 mi·

48 2636 130 2708 litum
142 2657 174 2706 et
195 2642 390 2709 clamoribus
404 2641 524 2727 populi,
546 2661 637 2706 arma
649 2642 815 2726 poscentis,
830 2641 1048 2708 refovebatur:

47 2722 115 2793 dum
128 2732 248 2817 vulgus
263 2729 427 2827 ignavum,
440 2739 471 2792 et
485 2727 568 2792 nihil
582 2729 668 2792 ultra
678 2729 777 2793 verba
790 2747 955 2809 ausurum,
970 2727 1050 2792 falsi

47 2814 140 2893 specie
166 2815 370 2879 ‘exereitum’
394 2824 426 2878 et
450 2813 619 2899 ‘legiones'
641 2815 789 2897 appellat.
841 2813 1051 2879 Hortantibus

48 2894 157 2963 libertis
172 2903 263 2985 (nam
277 2899 456 2963 amicorum
476 2897 546 2981 ejus
559 2900 680 2983 quantb
702 2899 775 2983 quis
798 2899 923 2980 clarior,
945 2898 1051 2963 minna

47 2980 135 3071 fidus)
151 2985 277 3052 ‘vocari
300 2984 418 3049 tribus
428 2983 526 3065 jubet
569 2986 693 3049 Dantes
707 2982 840 3069 nomina
852 2994 1051 3049 sacramento

48 3066 156 3155 adigit:
177 3070 393 3155 superfluente
407 3068 624 3150 multitudine,
638 3088 752 3134 euram
765 3069 905 3134 delectus
916 3068 951 3133 in
967 3070 1051 3134 Gon·

47 3155 125 3218 sules
149 3158 292 3241 partitur.
336 3156 395 3221 Ser
418 3175 512 3220 orum
536 3174 708 3221 numerum
732 3166 763 3219 et
787 3155 912 3238 pondus
926 3154 1051 3240 argenti

49 3236 245 3307 Senatoribus
266 3241 387 3307 indicit.
412 3221 565 3325 iEquites
590 3240 730 3305 Romani
751 3240 895 3305 obtulere
919 3260 1052 3324 operam

48 3326 264 3411 pecuniasque,
287 3327 383 3392 etiarn
418 3325 560 3391 ibertinis
575 3327 661 3391 idern
675 3344 794 3391 munus
809 3326 894 3392 ultrd
907 3326 1052 3413 flagitan-

48 3407 135 3476 tibus.
176 3414 227 3477 Ea
240 3411 403 3477 simulatio
420 3410 526 3494 officii,
550 3433 570 3476 a
591 3423 678 3477 metu
695 3411 843 3495 profesta,
857 3423 995 3478 verterat
1015 3412 1049 3477 in

51 3490 192 3563 savorem.
235 3499 280 3563 Et
294 3497 436 3582 plerique
451 3496 539 3561 haud
554 3497 685 3583 perinde
700 3497 876 3578 Vitellium,
890 3499 988 3581 quim
1002 3518 1053 3562 ca·

51 3596 119 3644 sum
144 3585 310 3668 locumque
339 3581 540 3668 Prine³pati1s
569 3584 820 3647 miserabantur:
856 3601 918 3645 neo
945 3581 1053 3643 deerat

53 3659 128 3752 illm
142 3670 242 3753 voltu,
257 3689 345 3758 voce,
357 3668 520 3754 lacrymis,
536 3666 786 3732 misericordiam
795 3666 927 3745 elicere;
942 3664 1054 3747 largus
