2392 4050
103 200 171 267 84⁰
444 200 483 265 C.
498 201 611 266 Coun.
627 199 766 268 Ticrrr

102 381 295 437 revocatum
308 370 487 436 Paullum
504 371 682 437 rebellione
701 371 807 438 totius
832 372 1016 437 Britanniae
1040 378 1131 458 anpri

102 456 291 535 memoravi,
305 455 449 541 redigere
466 456 501 520 in
516 466 706 539 potestatem
727 458 838 521 animo
861 458 1014 522 intendit
1059 460 1128 537 Sed,

102 541 189 606 utin
204 541 313 606 dubiis
325 541 480 618 oonailiia,
495 558 596 604 natea
617 540 768 606 deerunt:
791 542 874 604 ratio
895 552 929 606 et
951 544 1130 607 constantia

103 625 210 690 Dueia
218 625 406 690 rimaverit.
448 624 611 708 Depositis
621 625 929 706 omnibusmroinis,
943 628 1129 694 lectissimos

103 711 325 791 auxiliarium,
337 710 457 793 quibua
471 719 548 773 nota
561 709 655 787 vada,
668 720 703 772 et
715 711 838 793 patrius
849 710 953 774 nandi
965 732 1060 793 usus,
1070 732 1129 797 quo

102 795 204 860 aimul
216 814 315 878 eoque
327 810 360 859 et
372 814 462 859 orma
474 804 508 858 et
520 813 622 876 equos
636 805 763 880 regunt,
777 796 824 858 ita
837 799 971 878 repente
988 798 1129 876 immisit,

103 891 142 945 ut
154 878 365 962 obstupefacti
379 879 498 957 bootae,
516 878 573 961 qui
588 880 734 958 classem,
755 880 814 961 qui
836 900 948 959 neree,
963 883 1023 964 qui
1047 902 1129 948 mara

102 962 605 1112 bffllffilfflmib
612 965 1129 1131 {illittuliibl‘

102 1135 211 1197 elarua
225 1152 264 1195 ae
275 1150 415 1218 magnus
425 1131 537 1195 haberi
552 1134 722 1219 Agricola:
736 1096 921 1218 quip'peoui
936 1074 1131 1223 ingredienati

102 1216 315 1303 promimur,
333 1214 424 1299 quod
437 1226 564 1299 tempus
577 1218 635 1281 alii
650 1236 706 1299 per
718 1219 978 1300 ostentationem,
993 1231 1055 1284 aut
1067 1219 1131 1285 oili·

103 1303 232 1368 ciorum
245 1301 412 1381 ambitum,
427 1302 619 1387 transigunt,
641 1303 730 1365 labor
746 1313 779 1366 et
793 1303 980 1387 periculum
993 1307 1130 1388 placuio

102 1399 161 1451 oet.
204 1389 275 1451 Nee
285 1386 449 1470 Agricola,
465 1387 672 1469 prosperitate
681 1405 791 1451 rerum
805 1388 840 1450 in
851 1389 1034 1454 vanitatem
1044 1411 1128 1471 usus,

101 1470 340 1553 expeditionem
365 1481 423 1534 aut
438 1470 609 1534 victoriam
623 1473 767 1553 vocabat,
785 1472 889 1536 victos
908 1475 1128 1540 continuisse:

101 1575 145 1622 ria
155 1555 308 1620 laureatis
317 1553 451 1637 quidem
461 1567 750 1640 gestaprosecutus
763 1567 833 1619 est:
853 1556 911 1621 oei
923 1558 994 1641 ipat
1004 1559 1129 1625 diasim-

102 1640 248 1708 ulationa
262 1639 354 1705 uma
369 1638 491 1736 samam
502 1640 605 1720 auxit,
624 1639 868 1724 estimantibus,
882 1643 1007 1726 quanti
1028 1644 1128 1710 futuri

102 1735 372 1811 spatammagna
384 1734 545 1788 tacuisset.
919 1787 921 1790 ,

147 1811 247 1877 XIX
269 1812 419 1875 Ceterum
432 1809 617 1873 animorum
638 1810 816 1892 provincia
839 1810 992 1893 prudens,
1015 1813 1127 1878 simul·

102 1915 168 1994 que
181 1896 297 1961 doetus
309 1914 367 1978 per
380 1893 488 1958 aliena
500 1893 731 1975 experimenta,
750 1914 866 1977 parurn
887 1899 999 1979 profici
1020 1897 1125 1980 armis,

102 1971 1127 2148 ittttntnrtmninuunnn

102 2151 266 2234 plariaque
280 2147 371 2212 baud
385 2149 492 2213 minua
513 2148 655 2212 arduum
668 2159 716 2212 est
736 2150 835 2232 quim
858 2089 1063 2235 provincibrss
1080 2172 1127 2216 re·

102 2253 189 2321 gera.
231 2235 339 2330 Agere
360 2233 444 2299 nibil
465 2252 523 2316 per
545 2233 677 2298 libertoo
698 2253 874 2317 serumque
898 2236 1039 2318 publicae
1062 2238 1126 2301 rei:

102 2338 171 2385 nou
183 2319 299 2384 studiis
312 2317 459 2403 privatis,
473 2336 536 2382 nee
549 2339 592 2383 ex
605 2318 892 2402 commendatione,
907 2329 965 2383 aut
978 2322 1126 2402 precibus

103 2404 344 2470 Centurionum
356 2403 477 2468 milites
490 2403 604 2481 accire,
628 2401 686 2466 sod
699 2402 858 2486 optimum
871 2425 1035 2488 quemque
1053 2407 1127 2470 lide·

102 2490 266 2557 tissimum
278 2503 411 2573 putare:
431 2488 543 2552 omnia
555 2487 648 2565 noire,
659 2506 727 2551 non
738 2489 849 2553 omnia
857 2490 994 2572 exequi:
1016 2492 1126 2573 porris

102 2576 243 2661 peomne
267 2574 408 2651 veniam,
431 2573 559 2658 magnis
582 2572 787 2637 severitatem
811 2574 1030 2638 commodare:
1067 2593 1126 2640 neo

102 2660 200 2744 μιαί
212 2678 349 2742 aemper,
363 2656 419 2722 aad
433 2658 550 2739 sapitis
563 2656 751 2741 poeninnut
761 2667 933 2724 contentus
946 2678 1039 2724 esse:
1061 2660 1126 2724 offi-

101 2744 210 2809 oiiaet
229 2742 561 2806 administrationibus
580 2741 684 2824 potids
707 2761 774 2806 non
797 2754 984 2826 peccaturos
1005 2763 1126 2829 prapo·

101 2846 189 2910 nero,
202 2827 301 2912 quim
322 2825 487 2906 damnare,
510 2832 585 2891 eum
598 2829 794 2908 pecciaoent
838 2829 1008 2892 Frumenti
1022 2841 1057 2893 et
1074 2829 1125 2893 tri·

101 2912 257 2980 buturum
277 2911 482 2976 exactionem
505 2911 688 2993 aequalitate
712 2930 891 2977 munerum·
911 2912 1049 2992 mollire,
1066 2913 1124 2978 cir·

101 2998 266 3078 concisis,
287 3016 370 3080 quie,
385 2996 421 3060 in
433 3007 596 3079 quantum
617 3006 750 3078 repertu,
772 2997 842 3080 ipso
857 2996 976 3061 tributo
997 2999 1123 3084 gravii·

101 3086 341 3149 tolerabantur:
377 3100 519 3164 namque
547 3099 605 3163 per
632 3080 810 3146 ludibrium
841 3081 980 3145 nmidere
1006 3083 1122 3148 clausio

100 3168 235 3248 horreis,
249 3177 282 3233 et
294 3185 401 3231 emere
415 3166 502 3229 ultrb
515 3163 686 3245 frumenta,
701 3185 740 3228 ac
755 3165 894 3230 vendere
908 3165 1011 3248 pretio
1033 3186 1123 3263 coge

99 3253 238 3319 bantur:
259 3251 408 3315 devortia
421 3248 572 3315 itinerum
594 3261 627 3314 et
646 3250 867 3336 longinquitas
888 3250 1060 3337 regionum
1077 3271 1122 3314 m·

100 3336 278 3415 dioebatur,
291 3345 328 3399 ut
343 3335 490 3399 civitates
509 3355 530 3398 a
543 3335 701 3417 proximis
726 3334 881 3418 hybernis
902 3335 935 3397 in
959 3347 1081 3400 remota
1092 3347 1121 3400 et

99 3421 176 3485 aria
188 3419 351 3495 referrent,
366 3418 480 3500 donee,
490 3417 580 3501 quod
593 3420 747 3483 omnibus
760 3420 796 3482 in
809 3429 941 3502 promtu
953 3431 1032 3501 erat,
1047 3440 1121 3505 pau·

98 3503 148 3569 oia
158 3505 326 3568 lucrosum
339 3501 440 3565 fieret

82 3624 100 3667 t
141 3587 220 3653 XX.
243 3586 324 3650 Haen
338 3585 443 3666 primo
462 3586 572 3649 statim
590 3605 679 3650 anno
693 3589 947 3671 comprimendo,
959 3589 1118 3677 egregiam

98 3668 220 3733 ‘unam
233 3668 552 3750 pacioiroumdedit3
575 3691 650 3752 quae
663 3673 717 3736 vel
732 3672 872 3755 incurii,
887 3675 940 3738 vel
955 3674 1116 3739 tolerandi

142 3752 251 3833 nrum,
266 3749 357 3815 baud
371 3751 478 3814 minus
491 3753 591 3834 quim
606 3755 730 3820 bellum
744 3756 927 3823 timebatur.
969 3757 1044 3841 Sed,
1064 3757 1114 3821 ubi
