2392 4050
394 240 707 308 Sorrasrrsn'rsrr.
1040 240 1109 306 288

79 409 136 472 cas
154 423 231 471 artes
243 425 363 485 vertant,
376 417 479 491 quibua
492 416 590 475 fucum
603 414 720 486 iaciant,
733 424 817 490 atque
832 411 880 472 sui
893 408 1110 474 admirationem

80 503 227 552 moveant.
786 531 791 538 -

121 578 151 630 2.
171 572 349 631 Histrionici
363 573 419 633 hac
432 575 610 634 institutione
631 573 824 650 eloquentiam
845 570 1032 648 perdidimus,
1045 591 1108 648 qus

76 670 141 709 non
150 652 298 712 venalibus
316 656 478 732 praeceptis,
492 655 546 713 sed
559 654 676 731 egregii
692 654 793 711 uaturl
807 652 838 709 in
850 651 1010 709 libertatern
1019 654 1109 729 proni

77 743 112 788 et
125 730 163 787 ad
175 732 292 805 quossis
313 744 406 791 motus
420 737 527 810 parati,
539 736 613 791 boni
636 744 732 791 mente
753 731 826 790 recti
839 727 956 805 verique
970 731 1108 803 studiosi,

77 811 195 886 magnis
209 812 361 887 exemplis,
378 813 500 889 plurimi
519 814 618 890 legum
632 812 762 882 scientia,
776 810 886 869 serridd
899 810 1006 868 civium
1023 812 1109 887 patri·

81 907 164 963 mque
179 891 306 960 caritate,
319 891 405 967 longi
418 912 453 949 ac
467 896 569 951 severi
587 902 648 949 tum
668 891 823 969 cogitandi,
836 900 896 947 tum
913 889 1059 948 scribendi
1073 910 1108 950 ac

79 968 199 1025 dicendi
213 970 418 1027 exercitatione
429 971 564 1030 formatur
572 982 602 1029 et
608 970 761 1048 perficitur.
803 970 878 1028 Htac
887 968 955 1028 dum
968 969 1045 1046 apud
1054 989 1108 1029 nos

77 1047 208 1123 viguere,
221 1047 315 1105 floruit
328 1050 414 1107 simul
425 1051 595 1125 eloquentia.
635 1049 694 1108 Ubi
712 1068 868 1108 senescere
878 1049 1001 1125 coepire,
1011 1049 1109 1125 paula·

81 1127 137 1183 tim
157 1145 267 1202 quoque
291 1127 454 1203 eloquentia
476 1129 635 1206 relanguit3
657 1127 876 1202 adventitiisque
899 1127 976 1185 vitiis
999 1129 1109 1201 obruta,

20 1249 23 1253 .
74 1208 160 1284 jacet
173 1206 348 1283 consepulta,
360 1226 416 1265 nec
430 1228 554 1284 unquam
565 1209 686 1286 (utinam
699 1226 746 1265 me
759 1223 825 1264 mea
834 1206 914 1264 sallat
926 1208 1022 1282 opinio
1032 1208 1053 1283 !)
1063 1228 1109 1267 re·

80 1297 191 1361 surget.
233 1286 354 1343 Constat
369 1288 446 1345 enim
458 1298 571 1346 statum
585 1288 743 1362 artiumque
756 1285 885 1344 omniurn
898 1285 1076 1361 experientia
1090 1307 1108 1345 a

78 1364 205 1422 modicis
214 1376 243 1421 et
250 1365 367 1423 rudibus
375 1367 465 1424 initiis
474 1367 511 1425 ad
519 1386 661 1425 summum
667 1365 882 1444 perfectumque
891 1374 1009 1423 evectas
1015 1364 1109 1425 fuisse

78 1445 174 1501 bonas
190 1442 338 1503 hominum
356 1458 484 1506 mentes:
507 1448 606 1505 abillo
619 1457 715 1505 autem
727 1445 913 1523 perfectionis
923 1444 1007 1522 apice
1020 1446 1046 1503 si
1062 1464 1108 1504 se·

79 1523 143 1581 mel
156 1523 324 1594 exciderint,
337 1523 524 1584 humanarum
537 1528 642 1584 virium
655 1526 823 1584 humanave
842 1525 929 1583 sortis
949 1543 1008 1584 non
1028 1545 1108 1598 esse,

79 1601 161 1660 unde
175 1602 350 1661 descensum
361 1616 415 1675 est,
428 1605 551 1682 regredi.

61 1693 63 1698 ’
125 1685 154 1738 3.
175 1682 314 1752 Messala,
326 1684 391 1741 crim
404 1684 468 1742 hac
489 1685 549 1742 acri
568 1683 727 1741 intentione
747 1682 878 1752 dixisset,
892 1681 929 1739 ad
943 1683 1108 1743 Maternum

0 1830 1 1835 ἵ
82 1771 114 1818 et
130 1761 296 1819 Secundum
307 1781 474 1834 conversus,
487 1773 614 1821 vestrum
628 1771 682 1830 est,
693 1762 792 1836 inquit,
805 1762 921 1819 altiores
934 1760 1001 1819 illas
1014 1780 1109 1821 rerum

79 1841 176 1909 vices,
188 1851 237 1898 aut
250 1840 276 1899 si
296 1860 352 1916 qua
369 1843 485 1900 aliaest
499 1861 588 1900 causa
602 1860 654 1899 cur
665 1842 701 1899 ab
714 1840 876 1915 eloquentia
895 1839 1108 1911 deflexerimus,

76 1920 222 1978 evolvere.
263 1921 332 1978 Tibi
353 1923 440 1991 enim,
465 1923 608 1991 Materne,
621 1939 674 1997 pro
694 1920 808 1996 poetico
828 1930 878 1977 tuo
895 1919 971 1996 jure,
998 1919 1109 1977 credita

84 1998 181 2059 Derim
194 2018 307 2059 arcana.
348 2001 404 2072 Te,
416 2002 561 2073 Secunde,
570 1999 705 2077 quicquid
718 2000 749 2058 in
762 1998 824 2058 loro
836 1996 1023 2069 reconditum,
1039 1997 1112 2056 doc·

82 2080 154 2136 uere
164 2079 250 2156 longa
264 2081 442 2157 experientia
456 2081 614 2158 ingensque
637 2080 735 2157 gloria.
777 2079 854 2137 Tum
878 2077 1030 2137 subridens
1044 2078 1110 2136 Ma·

82 2168 203 2227 ternus;
225 2178 243 2216 a
262 2170 301 2229 te,
316 2161 455 2226 Messala,
469 2161 628 2237 impositas,
638 2178 656 2217 a
668 2158 752 2216 nobis
766 2168 917 2234 susceptas
929 2167 1026 2235 partes
1040 2176 1109 2216 exe·

81 2255 213 2312 quemur.
255 2240 303 2309 At,
317 2239 386 2296 licet
399 2258 445 2297 me
460 2240 555 2298 Dedin
572 2242 758 2315 interpretem
779 2237 899 2308 dixeris,
911 2238 989 2314 prior
1011 2248 1110 2297 tamen

87 2316 243 2374 Secundus
257 2319 429 2376 sententiam
449 2338 531 2376 suam
544 2320 662 2396 aperiat.
702 2318 738 2376 In
756 2315 804 2375 his
823 2317 909 2385 eninr,
923 2335 994 2392 quas
1007 2325 1109 2374 tracta·

82 2414 160 2464 mus,
180 2397 384 2470 questionibus
406 2398 595 2475 explicandis,
615 2397 679 2474 plds
702 2397 779 2454 valet
799 2414 870 2453 usus
898 2405 927 2452 et
952 2394 1109 2466 meditatio,

82 2474 171 2551 quim
183 2475 230 2532 vel
243 2475 356 2533 divinus
370 2477 517 2534 numinum
531 2478 652 2535 afflatus.

127 2558 156 2611 4.
179 2554 337 2630 Obsequar,
357 2556 448 2630 inquit
463 2557 616 2615 Secundus
629 2577 637 2626 ;
657 2555 743 2631 idque
757 2556 837 2612 tanto
849 2551 983 2611 libentida
1000 2553 1109 2630 prasti-

84 2643 159 2703 tam,
171 2633 249 2707 quod
263 2634 399 2712 Messala
414 2637 585 2693 sententiam
605 2635 698 2712 potiris
713 2653 777 2692 sum
791 2633 1110 2707 confimaturus,un

85 2730 192 2770 noram
205 2731 354 2788 meamque
368 2714 544 2773 inducturus.
587 2716 709 2792 Semper
722 2713 799 2775 enim
813 2712 986 2782 existimavi,
1004 2722 1036 2770 ut
1048 2711 1110 2789 pic·

86 2802 167 2849 tores
178 2810 196 2848 a
208 2791 374 2867 pictoribus,
382 2797 482 2869 poetas
496 2813 514 2851 a
526 2795 628 2871 poetis,
639 2795 682 2852 sic
693 2803 819 2853 oratores
828 2794 864 2850 ab
871 2792 1029 2850 oratoribus
1040 2810 1109 2851 ease

85 2869 296 2941 instituendos3
316 2873 490 2948 multumque
511 2874 571 2932 vitii
586 2893 653 2931 esse
667 2873 698 2931 in
711 2872 820 2931 scholis
833 2871 986 2938 rhetorum,
1005 2872 1055 2945 qui
1075 2889 1108 2929 se

85 2949 220 3008 doctores
234 2951 401 3025 eloquentia
421 2953 595 3027 pmtitentur,
608 2971 694 3026 quam
712 2969 856 3025 nunquam
875 2949 991 3018 novere,
1012 2959 1069 3018 aut
1083 2949 1110 3008 si

84 3029 203 3098 novere,
214 3048 359 3103 nunquam
371 3030 522 3106 discipulis
533 3041 600 3087 suut
611 3029 749 3099 uadituri,
763 3028 828 3086 edm
840 3026 1004 3085 scholarum
1016 3027 1109 3086 taediis

85 3107 136 3164 rel
149 3107 255 3165 decora
266 3118 473 3184 praceptorum
486 3109 603 3185 ingenia
621 3109 792 3176 deterantur,
805 3105 1010 3182 discipulorum
1027 3106 1110 3167 obru-

86 3195 179 3243 antur
221 3186 341 3244 Lentids
361 3198 458 3245 tamen
471 3198 578 3244 mutata
590 3187 695 3245 suisset
708 3185 813 3244 veteris
828 3184 996 3259 eloquentis
1009 3184 1109 3258 forma,

87 3265 115 3322 si
129 3264 192 3322 sola
204 3266 379 3341 ingruissent
402 3266 568 3326 scholarum
588 3267 666 3324 vitia.
706 3267 746 3323 At
764 3264 813 3322 ubi
833 3265 1024 3340 supervenere
1044 3285 1111 3343 pes·

86 3344 164 3402 sima
182 3345 324 3420 exempla,
340 3346 478 3421 juvenum
499 3345 626 3415 licentia,
646 3344 845 3422 popularisque
862 3344 1027 3415 assentatio,
1050 3355 1111 3405 tum

86 3422 253 3497 eloquentia·
263 3424 401 3500 praecipiti
415 3444 486 3483 casu
499 3426 530 3483 in
540 3425 714 3485 exitiabilem
725 3423 992 3500 irreparabilemque
999 3424 1111 3482 ruinam

70 3501 222 3581 'prolapsa
236 3511 300 3571 est;
320 3521 429 3577 nosque
450 3504 487 3562 ad
507 3523 568 3573 aas,
581 3505 685 3579 quibus
704 3522 780 3563 nuuc
801 3514 987 3570 coarctamur,
1010 3501 1110 3559 diserti

86 3581 231 3638 sermonis
245 3582 392 3656 angustias
405 3582 510 3640 suimus
524 3583 641 3642 detmsi.
683 3583 779 3650 Quini
792 3592 887 3639 autem
906 3578 1042 3656 pessimis
1061 3595 1111 3635 ox·

88 3659 194 3734 emplis
208 3658 239 3715 id
252 3657 336 3716 fuerit
349 3660 459 3718 sactum·
469 3661 526 3736 ipsi
540 3662 662 3718 vidistis.
1028 3727 1035 3738 ⁸
1058 3727 1064 3738 ‚

85 3766 87 3769 ·
130 3742 159 3796 d.
180 3736 298 3796 Illorum
318 3739 396 3797 enim
415 3750 573 3815 temporum
593 3735 774 3803 meministis,
797 3733 899 3808 quibus
926 3729 991 3788 hee
1008 3736 1111 3783 otvlttt
