2392 4050
127 183 190 252 146
483 183 520 250 C.
537 183 647 252 Coun.
664 184 801 252 Tucim
947 186 995 276 [L
1008 186 1042 251 U.
1055 185 1114 251 822

123 356 280 441 diuaeque
309 356 469 424 retinebat.
514 358 673 424 Ubiorum
701 357 985 442 Treverommque
1011 359 1118 439 auxilia,

124 442 210 509 soedt
223 444 301 532 fugi
314 443 464 527 dispersa,
480 446 553 508 totis
567 444 690 527 campis
704 445 863 528 peluntur.
907 445 990 509 Illuc
1009 445 1117 509 incubu-

124 529 177 596 iere
203 530 367 594 Germani.
411 530 456 593 Et
481 528 542 592 suit
565 530 695 593 interim
721 528 879 613 effttgium
903 531 1071 615 legionibus
1089 529 1118 593 iu

124 626 238 696 castra,
252 615 370 699 quibus
393 615 544 680 Veterum
557 634 675 679 nomen
691 625 747 679 est.
791 615 965 680 Praefeetus
977 617 1034 680 alae
1048 617 1119 679 Rata·

123 720 250 784 vorum,
279 700 437 764 Claudius
466 700 584 781 Labeo,
612 698 772 784 oppidano
800 701 975 766 certamine
1006 703 1120 772 aernuius

123 786 234 868 Civili,
259 804 300 850 ne
322 786 506 852 interiectus
532 785 690 850 invidiam
711 785 798 868 apud
823 788 1003 869 populares,
1025 788 1077 864 vel,
1096 784 1118 848 si
1161 861 1162 864 Ἴ

120 872 318 949 retineretur,
329 872 450 936 semina
459 870 624 936 disoordtae
634 872 794 954 praeberet,
805 871 839 934 i‘n
852 871 975 937 Frisios
986 872 1120 936 avehitur.

165 959 259 1023 XIX.
282 956 401 1022 lisdem
414 954 537 1037 diebus,
553 957 751 1021 Batavorum
764 967 796 1020 et
811 956 1067 1021 Canninefatium
1081 976 1123 1021 co

121 1042 239 1123 hortas,
254 1042 327 1107 crim
344 1040 440 1123 jussu
460 1041 581 1105 Vitellii
604 1042 638 1105 in
662 1043 776 1107 urbem
798 1054 978 1128 pergerent,
993 1044 1122 1107 missusa

122 1128 228 1192 Civile
256 1128 391 1192 nuntius
418 1127 607 1210 assequitur.
651 1127 838 1192 Intumuere
864 1130 972 1192 statim
995 1127 1125 1211 superbia

121 1212 311 1297 ferociaque,
335 1225 368 1277 et
394 1212 549 1296 ‘pretium
572 1212 705 1292 itineris,
728 1212 927 1292 donativum,
942 1214 1058 1296 duplex
1080 1213 1124 1275 sti·

120 1298 286 1384 pendium,
302 1300 413 1383 augeri
427 1299 574 1381 equitum
588 1298 780 1377 numerum,'
795 1300 951 1380 promissa
964 1300 1038 1363 sane
1052 1320 1070 1361 a
1083 1298 1126 1362 ti-

120 1384 220 1464 tellio,
246 1385 458 1468 postulabant,
482 1403 558 1464 non,
587 1396 624 1449 ut
646 1394 900 1466 assequerentur,
926 1384 983 1448 sed
1010 1403 1124 1449 causam
1161 1407 1162 1460 ;

120 1469 282 1535 seditioni.
325 1469 370 1533 Et
398 1471 548 1548 Flaccus,
572 1470 675 1533 multa
702 1466 918 1548 concedendo,
944 1470 1025 1534 nihil
1049 1467 1125 1533 aliud
1161 1463 1162 1520 5

119 1556 277 1637 effecerat,
291 1557 389 1639 quim
403 1564 440 1619 ut
449 1554 554 1618 acrius
568 1567 786 1638 exposcerent,
803 1574 876 1637 quae
892 1554 1032 1619 sciebant
1045 1575 1128 1640 nega·

118 1652 240 1707 turum.
283 1642 397 1725 Spreta
412 1642 542 1720 Flacca,
557 1639 740 1704 inferiorem
762 1640 972 1706 Germaniam
993 1642 1126 1724 petivere,

119 1737 158 1793 ut
183 1727 282 1793 ctvtli
303 1727 525 1815 jungerentur.
569 1725 785 1805 Hordeonius
807 1725 958 1790 adhibitis
984 1724 1126 1791 Tribunis

121 1813 446 1896 centurionibusque,
471 1811 675 1889 consultavit,
705 1819 804 1874 ‘num
826 1811 1016 1894 obsequium
1040 1815 1126 1876 abuu-

119 1909 210 1965 entes
225 1899 259 1964 vi
282 1900 459 1965 coerceret?
501 1897 590 1976 Mox,
605 1896 701 1959 insita
727 1895 857 1982 ignavia
878 1908 910 1960 et
931 1897 1062 1981 trepidis
1082 1895 1127 1962 uri·

118 1985 239 2067 histris,
254 2004 335 2069 quos
350 1985 522 2083 ambiguus
542 1982 740 2048 auxiliorum
761 1981 889 2046 animus
911 1994 943 2048 et
964 1984 1069 2049 subito
1086 1982 1126 2046 de

117 2072 205 2137 lectu
220 2073 372 2154 suppletae
387 2072 528 2155 legiones
554 2070 722 2155 angebant,
737 2068 855 2147 statuit,
871 2069 1036 2134 continere
1057 2070 1126 2132 intra

119 2165 224 2219 castra
250 2156 394 2219 militem.
439 2154 524 2219 Dein
547 2153 744 2238 paenitentia,
767 2163 799 2215 et
822 2155 1030 2238 arguentibus
1053 2152 1124 2238 ipsis,

118 2239 176 2324 qui
186 2250 361 2321 suaserant,
374 2252 528 2322 tanquam
538 2250 716 2318 secuturus,
726 2237 850 2321 scripsit
859 2240 1025 2305 Herennio
1036 2240 1125 2315 Gallo,

117 2325 255 2412 legionis
270 2326 382 2409 primas
397 2325 528 2410 legato,
543 2325 600 2407 qui
626 2325 774 2389 Bonnam
798 2324 971 2405 obtinebat,
986 2342 1023 2390 ut
1038 2335 1125 2388 ‘arce

118 2422 167 2476 ret
182 2412 318 2476 transitu
333 2412 489 2476 Batavos:
512 2430 547 2472 se
561 2430 638 2474 cum
649 2409 794 2475 exercitu
806 2410 903 2495 tergis
914 2431 1029 2475 eorum
1039 2413 1125 2475 hasu-

117 2500 212 2562 rum.’
257 2498 301 2560 Et
324 2495 461 2582 opprimi
484 2506 639 2579 poterant,
665 2495 694 2559 si
722 2495 800 2561 hinc
829 2495 1043 2578 Hordeonius,
1067 2493 1126 2558 inde
1159 2548 1160 2581 ,

118 2583 246 2663 Gallus,
262 2583 357 2647 motis
372 2581 533 2665 utrimque
546 2580 657 2664 copiis,
671 2580 794 2646 medios
805 2582 1007 2648 clausissent.
1050 2583 1126 2647 Flac·

117 2687 177 2733 cus
191 2668 297 2732 omisit
321 2669 492 2753 inceptum,
509 2666 645 2749 aliisque
668 2666 767 2731 literis
793 2666 928 2731 Gallum
950 2669 1082 2747 monuit,
1093 2681 1125 2727 ne

115 2762 248 2818 terreret
263 2754 425 2818 abeuntes.
469 2752 563 2817 Unde
577 2751 727 2835 suspicio,
742 2763 855 2835 sponte
874 2752 1071 2837 Legatorum
1082 2768 1125 2815 ex·

116 2838 209 2905 citari
224 2840 365 2904 bellum:
388 2849 567 2920 cunctaque
582 2857 653 2920 quae
676 2837 858 2902 acciderant
879 2849 935 2902 aut
957 2839 1124 2903 metueban·
1158 2850 1159 2875 t

116 2936 180 3009 tur,
195 2946 261 2991 non
275 2925 388 2990 inertia
403 2924 524 3004 militis,
538 2942 644 3006 neque
658 2922 801 2990 hostiurn
815 2924 860 3004 vi,
874 2922 931 2987 sed
946 2921 1057 2989 fraude
1070 2922 1123 2987 Du·

116 3011 345 3079 cumevenire.

160 3098 237 3164 XX.
261 3097 383 3179 Batavi,
399 3098 473 3162 cbrn
497 3093 608 3161 castris
624 3093 850 3159 Bonnensibus
874 3093 1120 3179 propinquarent,

115 3184 304 3267 praemisere,
319 3184 375 3266 qui
391 3181 556 3247 Herennio
571 3180 669 3245 Gallo
684 3181 832 3245 mandata
848 3180 1028 3244 cohortium
1041 3191 1122 3267 expe

114 3277 226 3332 neret:
250 3270 403 3332 ‘nullum
417 3268 477 3332 sibi
492 3267 615 3331 bellurn
640 3264 790 3331 adversus
811 3265 983 3345 Romanos,
999 3284 1053 3347 pro
1065 3276 1123 3353 qut·

113 3352 176 3418 bus
191 3351 307 3416 totiens
322 3354 501 3416 bellassent.
545 3351 660 3438 longa
686 3361 781 3433 atque
804 3351 892 3415 irriti
918 3350 1031 3414 militiai
1045 3347 1121 3411 fassit

114 3434 226 3532 patria
248 3446 343 3517 atque
368 3436 423 3498 otii
448 3435 634 3517 cupidinem
657 3455 736 3501 esse.
780 3437 816 3501 Si
843 3435 1119 3502 nemoobsistsret,
1156 3448 1157 3461 ¹

113 3519 290 3584 innoxium
304 3519 362 3582 iter
377 3519 465 3599 iora;
484 3519 535 3582 sin
560 3539 651 3584 arma
676 3532 855 3600 occurrant,
871 3521 952 3587 ferro
978 3521 1061 3585 viam
1081 3515 1117 3577 iu·

114 3606 290 3668 venturos!
338 3604 554 3667 Cunctantem
586 3604 747 3690 Legatum
775 3607 893 3671 milites
921 3606 1116 3689 perpulerant,

114 3687 302 3753 ‘fortunam
312 3687 416 3770 praelii
426 3687 641 3771 experiretur.²
677 3690 760 3754 Tria
770 3691 874 3757 millia
884 3690 1116 3780 legionariorum
