2392 4050
107 196 149 263 rt
447 198 484 261 Ο.
505 197 615 262 Goau.
630 194 766 285 Tserrr
919 196 971 286 [a
987 197 1027 265 U.
1042 196 1129 262 822,

104 367 229 435 animos
243 365 379 433 dirersis
391 367 510 434 artibus
523 369 710 434 stimulant:
731 367 886 453 primores
899 368 1047 452 militum,
1061 388 1121 453 per

103 454 260 523 maauaie
273 453 465 539 Nymphidii
479 464 516 518 ut
529 466 713 538 suspectos:
734 456 856 540 vulgus
870 464 901 518 et
922 464 1052 536 ceteros,
1068 453 1121 518 irat

104 550 137 605 et
156 538 376 624 desparatione
397 539 488 603 dilati
514 540 629 605 totiens
650 539 814 604 donativi:
835 548 934 621 erant,
951 559 1034 623 quos
1053 559 1123 604 me·

104 626 210 693 moria
222 625 359 690 Neronis
373 616 621 690 ac‘desidarium
634 626 749 708 prioris
763 624 901 690 licentia
913 625 1122 692 accenderett

105 710 141 777 in
229 729 327 775 mune
342 729 453 774 omnes
467 731 499 775 m
627 709 730 777 tandae
745 711 865 777 militiae
879 712 1086 776 terrebantur.
1149 767 1153 772 .

149 796 184 861 X
221 796 275 860 VI.
298 796 412 861 Infecit
421 816 460 860 ea
580 796 1123 881 egionumquoqueetauxiliorum
1188 815 1190 818 ⁴

104 891 207 948 motas
218 879 286 962 jam
301 889 430 960 mentes,
445 893 614 965 postquam
631 884 801 969 vulgatum
819 893 895 962 erat,
910 882 1018 945 labare
1040 883 1122 948 Ger-

105 966 225 1032 manici
239 966 396 1030 exercitus
410 965 525 1030 fidem:
548 968 690 1050 adedque
704 980 813 1050 parata
827 965 912 1050 apud
926 968 1027 1031 malos
1038 965 1124 1050 sedi·

104 1051 159 1131 tio,
185 1051 284 1115 etiam
311 1051 396 1134 apud
425 1051 566 1136 integros
594 1052 806 1119 dissimulatio
834 1052 905 1132 fuit,
932 1063 969 1133 ut
1036 1064 1124 1116 storo

105 1136 226 1202 Iduum
239 1136 291 1202 die
312 1139 499 1202 redeuntem
513 1159 533 1200 a
547 1139 640 1203 coeni
662 1139 825 1202 Othonem
848 1134 970 1220 rapturi
1004 1138 1122 1218 uerint,

104 1221 168 1288 nisi
183 1224 430 1372 incertsspoctis
445 1234 476 1287 et
490 1224 555 1286 tota
569 1225 649 1287 urbe
662 1243 771 1307 sparsa
783 1223 924 1288 militum
935 1233 1047 1304 castra,
1058 1243 1123 1288 nec

106 1307 236 1373 facilem
264 1307 275 1371 i
331 1327 347 1371 r
376 1311 570 1372 temulentos
598 1329 800 1389 consensum,
829 1309 1027 1373 timuissent:
1053 1329 1122 1374 non

105 1392 302 1477 Reipublicae
324 1395 412 1475 cura,
433 1414 533 1476 qrrarn
557 1394 676 1473 faedare
701 1394 860 1478 Principis
884 1394 936 1458 sui
960 1395 1122 1479 sanguine

106 1479 204 1544 sobrii
226 1479 399 1562 parabant3
422 1480 477 1544 sed
503 1500 543 1544 na
565 1500 620 1563 per
646 1482 798 1560 tenebras,
820 1479 1013 1565 utquisque
1036 1480 1122 1543 Pan-

106 1564 217 1630 nonici
232 1564 284 1629 vel
310 1565 495 1628 Germanici
522 1566 679 1630 exercitiis
702 1565 857 1630 militibus
882 1567 1006 1629 oblatus
1029 1577 1123 1646 esset,

107 1650 330 1739 ignorantibus
345 1651 514 1734 plerisque,
529 1671 585 1733 pro
601 1652 730 1733 Othona
750 1651 971 1714 destinaretur.
989 1634 1124 1715 ”Multa

105 1735 303 1819 erumpentis
315 1736 479 1801 seditionis
490 1736 611 1799 indicia
624 1755 678 1819 per
690 1735 836 1807 conscios
846 1756 1011 1818 oppressa3
1033 1755 1123 1819 quae-

106 1820 181 1886 dam
196 1821 282 1905 apud
303 1824 416 1887 Galbae
442 1841 534 1886 aures
560 1821 733 1886 Praefectus
756 1821 843 1884 Laco
860 1823 965 1900 elusit,
988 1821 1123 1906 ignarus

13 1931 16 1936 ·
106 1906 296 1975 militarium
310 1909 500 1986 animorum,
517 1907 708 1989 consiliique
722 1907 871 1989 quamvis
885 1906 1014 1993 egregii,
1033 1908 1122 1990 quod

106 2012 174 2059 non
189 1994 258 2077 ipse
272 1992 406 2074 afferret,
421 1992 582 2073 inimicus,
596 2003 629 2055 et
643 1992 794 2057 adversus
809 1993 925 2076 peritos
938 1990 1099 2079 pervicax.

150 2080 294 2144 XXVII.
317 2076 1123 2160 OctavodecimoKalendasFebruarii,sacrificanti

106 2182 165 2249 pro
187 2164 253 2229 aede
274 2164 433 2247 Apollinis
458 2164 572 2244 Galba
594 2164 765 2246 Haruspex
790 2163 976 2229 Umbricius
1000 2162 1123 2228 ‘tristia

106 2258 181 2314 exta
194 2260 226 2313 et
240 2249 395 2313 instantes
405 2248 537 2311 insidias
547 2268 586 2311 ac
596 2250 809 2313 domesticum
820 2250 952 2314 hostem’
963 2248 1122 2332 praedicit:

107 2334 257 2399 audiente
286 2334 423 2413 Othone,
452 2335 542 2417 (nam
569 2334 736 2417 proximus
766 2335 919 2420 astiterat)
948 2334 1054 2419 idque,
1083 2346 1122 2399 ut

107 2420 552 2506 laetumccontrario,etsuis
564 2420 810 2503 cogitationibus
820 2440 1015 2504 prosperum,
1027 2420 1123 2485 inter·

107 2515 260 2591 pretenta.
299 2501 373 2589 'Nec
397 2506 497 2570 multb
521 2506 590 2587 pbst
616 2508 747 2569 libertus
770 2507 964 2570 Onomastus
985 2506 1122 2586 nuntiat,

106 2591 286 2675 ‘expectari
301 2609 377 2655 enm
392 2592 432 2655 ab
447 2591 621 2657 architecto
642 2603 673 2655 et
695 2590 923 2657 redemtoribus
934 2594 951 2656 :’
965 2612 1036 2674 quae
1059 2591 1123 2677 sig·

107 2675 251 2742 sificatio
265 2676 455 2761 coeuntium
465 2676 535 2759 jam
557 2678 699 2742 militum
713 2689 744 2741 et
757 2690 877 2760 paratae
892 2676 1123 2757 conjurationis

107 2775 310 2828 convenerat.
358 2762 454 2840 Otbo,
473 2777 474 2780 ’
494 2770 644 2827 ‘causam
677 2762 846 2848 digressds’
880 2762 1123 2847 requirentibus,

106 2850 181 2913 curn
195 2847 275 2912 ‘emi
289 2848 351 2913 sibi
365 2847 487 2930 pradia
500 2858 657 2914 vetustate
676 2852 832 2930 suspecta,
847 2848 947 2931 abque
968 2847 1055 2929 priris
1068 2866 1124 2911 ex·

107 2933 281 3019 ploranda?
316 2934 470 3015 finxisset,
506 2934 640 2998 innixus
672 2933 795 3012 liberto,
828 2953 884 3016 per
912 2933 1125 2998 Tiberianam

67 3073 72 3085 .
102 3020 249 3099 domum,
265 3020 299 3084 in
314 3020 496 3101 Velabrum,
519 3019 595 3085 inde
620 3019 661 3084 ad
686 3016 877 3084 Milliarium
902 3038 1045 3100 aureum,
1060 3019 1123 3082 sub

107 3104 210 3170 aedem
235 3106 375 3187 Saturni,
400 3106 510 3191 pergit.
554 3105 604 3169 Ibi
630 3115 693 3170 tres
716 3115 747 3168 et
768 3104 884 3201 viginti
906 3105 1124 3187 speculatores

107 3193 347 3258 consalutatum
375 3191 625 3275 Imperatorem,
654 3212 692 3255 ac
719 3201 879 3274 paucitate
911 3189 1125 3255 salutantium

14 3305 16 3314 ⁴
106 3277 276 3359 trepidum,
290 3290 321 3342 et
335 3277 422 3341 sellae
437 3274 623 3342 festinanter
638 3275 832 3359 impositum,
846 3276 964 3340 strictis
975 3295 1125 3341 mucron-

106 3362 179 3427 ibus
192 3362 333 3444 rapiunt.
377 3361 531 3427 Totidem
552 3361 650 3427 ferme
672 3360 789 3427 milites
814 3360 849 3425 in
873 3361 986 3425 itinere
1011 3380 1123 3447 aggre-

107 3457 245 3532 gantur:
266 3448 323 3510 alii
335 3445 541 3528 conscientia,
554 3449 696 3531 plerique
708 3445 883 3530 miracul03
898 3466 971 3530 pars
983 3449 1124 3511 clamore

85 3529 280 3680 fgaudio,
296 3550 369 3613 pars
383 3531 518 3612 silentio,
534 3533 680 3596 animum
694 3552 736 3596 ex
750 3542 869 3597 eventu
889 3532 1036 3597 sumturi.

57 3615 89 3682 ρ’
151 3613 311 3678 XXVIII.
354 3615 531 3680 Stationem
546 3616 579 3679 in
594 3617 707 3680 castris
719 3618 833 3703 agebat
845 3618 951 3682 Julius
967 3617 1123 3683 Martialis

38 3685 83 3736 ¹⁴²
109 3695 288 3761 Tribunus.
332 3699 374 3779 Is,
388 3698 612 3784 magnitudine
631 3700 728 3766 subiti
750 3703 888 3784 sceleris,
909 3722 952 3769 an
974 3713 1124 3787 corrupta
