2392 4050
103 213 169 282 226
305 268 310 276 .
386 209 389 214 ’
442 216 480 283 0.
496 216 608 283 Gonu.
624 217 789 284 Tncrrus

51 371 58 388 ’
102 386 181 455 irinc
194 396 295 455 terror
305 398 481 475 sanctaque
496 390 688 484 ignorantia,
703 389 784 475 quid
797 390 841 456 sit
854 388 946 473 illud,
961 388 1051 475 quod
1062 398 1130 452 tan·

103 476 172 541 tiam
183 475 321 559 perituri
337 475 457 542 vident.

30 567 96 655 [Γ
146 561 239 627 XLI.
269 557 315 625 Et
338 562 410 627 bac
435 560 576 645 quidam>
591 581 666 647 pars
689 562 875 627 Succorum
899 560 936 626 iu
958 560 1132 625 secretiora

104 646 287 714 Germania
298 647 481 736 porrigitur.
526 646 664 732 Propior
679 651 738 734 (ut,
753 666 819 731 quo
831 648 927 711 modo
942 647 1046 731 paulo
1057 646 1130 710 ante

103 731 267 814 Rhenum,
289 735 441 798 sicnunc
462 734 654 798 Danubium
668 736 798 819 sequar)
821 732 1133 812 Hermundurorum

104 817 228 903 civitas,
250 815 316 886 fida
330 817 495 900 Romanis,
518 820 622 902 ebque
645 819 723 883 solis
749 821 990 883 Germanorum
1014 837 1087 882 non
1100 818 1133 882 in

104 905 131 969 ri
156 903 429 986 &commercium
448 905 508 989 ¹sed
530 905 669 989 penitus,
692 915 787 989 atque
811 905 845 968 in
868 902 1134 989 splendidissimi

104 924 243 1055 uisus
259 989 433 1072 provinciae
445 991 583 1055 colonii.
629 990 755 1056 Passim
768 999 800 1053 et
814 990 885 1054 sine
899 988 1038 1054 custode
1050 1000 1134 1053 trau·

105 1088 201 1139 scunt
210 1096 228 1152 r⁸
240 1087 280 1153 et,
295 1081 370 1141 oum
383 1076 507 1141 ceteris
547 1076 657 1141 ntibus
668 1095 757 1141 arma
772 1075 868 1141 modo
878 1085 1054 1159 castraque
1065 1095 1134 1139 nos

105 1167 156 1225 tra
180 1159 398 1243 ostendamus,
419 1162 471 1227 his
495 1096 609 1227 grues
635 1162 795 1244 villasque
821 1159 1045 1245 patefecimus,
1068 1178 1134 1226 non

105 1246 431 1331 concupiscentibus.
462 1248 501 1313 In
517 1246 757 1313 Hermunduris
772 1247 865 1312 Albis
879 1246 993 1328 oritur,
1008 1244 1134 1314 flumen

106 1331 173 1398 incl
199 1339 270 1398 tum
283 1342 316 1397 et
329 1344 446 1406 notum
457 1331 555 1416 olim3
579 1349 669 1398 nunc
684 1333 809 1397 tantiam
823 1333 962 1398 auditur.

188 1418 260 1482 Lll.
283 1417 384 1483 Juxta
398 1418 646 1483 Hermunduros
661 1418 797 1499 Narisci,
819 1439 858 1483 ac
872 1417 991 1482 deinde
1005 1416 1135 1484 Marco

106 1503 219 1569 manni
234 1513 265 1567 et
280 1501 393 1575 Quadi
405 1514 515 1590 agunt.
560 1504 731 1588 Precipna
743 1505 1055 1569 Marcomannorum
1067 1506 1136 1592 glo

106 1587 156 1654 ria
177 1588 333 1673 viresque,
355 1598 451 1673 atque
474 1590 545 1673 ipso
565 1590 663 1654 etiam
687 1589 787 1670 sedes,
809 1590 912 1674 pulsis
937 1589 1020 1653 olim
1035 1590 1134 1671 Boiis,

107 1673 228 1740 virtute
240 1685 338 1759 parta.
382 1674 451 1740 Neo
461 1669 589 1740 Narisei
602 1675 756 1749 Quadive
766 1675 971 1763 degenerant
1018 1675 1135 1760 anue

108 1760 294 1825 Germania
309 1760 399 1826 velut
413 1759 502 1826 frons
516 1770 572 1848 est,
593 1761 754 1845 quatenus
776 1757 929 1825 Danubio
942 1761 1134 1847 protegitur.

109 1845 351 1911 Marcomannis
373 1846 565 1932 Quadisque
587 1865 691 1930 usque
715 1846 755 1910 ad
778 1859 923 1911 nostram
941 1846 1135 1913 memoriam

22 1963 26 1976 ·
109 1929 158 1996 Rc
181 1952 215 1997 es
239 1943 426 1997 manserunt
449 1952 491 2002 cx
513 1945 609 2019 gente
634 1933 788 2018 ipsorum,
810 1933 918 1998 nobile
940 1932 1136 1998 Marobodui

108 2028 143 2081 at
158 1951 266 2083 andri
279 2036 405 2105 genum
422 2017 493 2099 jam
512 2031 543 2084 et
563 2029 714 2085 externos
736 2016 913 2104 patiuntur.
957 2017 1024 2084 Sed
1038 2017 1092 2083 ris
1106 2030 1138 2085 et

109 2105 252 2187 potentin
262 2103 406 2191 Regibus
420 2123 462 2170 ex
476 2105 665 2171 auctoritate
676 2103 843 2170 Romani:
858 2104 932 2169 raro
946 2102 1048 2169 armis
1063 2123 1137 2169 nos

110 2188 178 2267 tris,
192 2190 306 2274 sapius
339 2202 344 2209 ‘
380 2190 468 2269 uniti,
487 2189 655 2272 intrantur.
910 2204 912 2207 ’

154 2275 275 2341 XLlli.
330 2296 367 2342 cc
381 2276 487 2341 mindo
501 2278 612 2342 volent
626 2277 710 2340 retrb
720 2274 888 2363 Marsigni,
903 2274 1054 2357 Gothini,
1067 2274 1136 2363 Osi,

110 2358 223 2427 Burii:
247 2370 292 2426 ter
315 2360 657 2429 aMor'comannoruru
679 2361 938 2445 Quadorumque
954 2361 1136 2427 claudunt:

110 2446 262 2529 equibus
288 2381 455 2547 Marsigni,
479 2460 511 2513 et
537 2448 629 2513 Burii
652 2466 801 2512 sermone
824 2449 981 2531 cultuque
1007 2446 1137 2512 Suevos

111 2532 264 2598 referunt.
308 2533 468 2598 Gothrnos
484 2534 622 2614 Gallica,
642 2533 726 2598 Osos
742 2532 930 2598 Pannonica
944 2532 1072 2618 lingna,
1087 2553 1139 2599 co-

112 2619 227 2704 arguit,
254 2634 321 2683 non
343 2634 413 2684 esse
439 2621 630 2700 Germanos,
653 2628 686 2684 et
709 2619 797 2704 qubd
817 2620 937 2684 tributa
956 2617 1139 2702 patiuntur.

112 2703 243 2768 Partem
264 2703 458 2770 tributorum
478 2705 643 2786 Sarmatae,
657 2717 780 2789 partem
794 2704 916 2785 Quadi,
931 2713 969 2768 ut
983 2704 1141 2792 alienige-

111 2788 173 2868 nis,
201 2789 382 2873 imponunt.
427 2789 571 2874 Gothini,
594 2791 661 2875 qub
683 2790 784 2879 magis
803 2788 934 2874 pudeat,
958 2799 992 2852 et
1014 2788 1140 2856 serrum

112 2872 278 2940 effodiunt.
322 2874 509 2960 Omnesque
523 2875 558 2942 hi
580 2876 694 2962 populi
714 2895 818 2960 pauca
831 2874 1077 2959 campestrium,
1092 2897 1141 2942 ce

111 2962 216 3027 terium
229 2962 331 3026 saltus
345 2971 376 3026 et
397 2963 532 3027 vertices
542 3029 545 3034 ,
555 2963 716 3028 montium
726 2961 917 3049 jugumque,
936 2960 1140 3026 insederunt.

112 3046 247 3112 Dirimit
268 3047 357 3113 enim
377 3046 557 3131 scinditque
580 3048 737 3115 sueviam
758 3047 951 3112 continuum
973 3048 1143 3113 montium

110 3130 238 3219 jugum,
254 3135 341 3198 ultra
353 3133 441 3217 quod
463 3135 611 3219 plurima
625 3145 737 3222 gentes
752 3143 871 3218 agunt:
893 3151 935 3196 ex
955 3131 1081 3213 quibus
1097 3135 1142 3198 la·

112 3217 236 3284 tissime
259 3228 344 3304 potat
359 3220 540 3307 Lygiurum
559 3238 678 3284 nomen
702 3218 736 3283 in
751 3220 861 3302 plures
881 3216 1028 3282 civitates
1042 3219 1143 3286 diffu-

7 3330 13 3342 ·
113 3320 197 3370 sum.
241 3305 481 3387 valentissimas
496 3305 679 3371 neminisse
692 3303 838 3385 sufficiet,
853 3303 958 3382 Arios,
977 3302 1143 3370 Helveco·

113 3406 182 3466 nas,
198 3389 368 3469 Manimos,
393 3391 534 3476 Elysios,
558 3391 768 3457 Naharvalos.
812 3387 910 3472 Apud
930 3388 1142 3456 Naharvalos

113 3472 253 3557 antiquae
269 3473 434 3556 religionis
457 3476 551 3541 lucus
577 3472 766 3540 ostenditur.
808 3471 965 3538 Praesidet
978 3475 1143 3542 Sacerdos

114 3557 265 3622 muliebri
292 3567 430 3624 ornatu:
455 3559 519 3624 ‘sed
557 3562 653 3639 Deos,
689 3560 948 3645 interpretatione
977 3559 1140 3644 Romani,

116 3643 301 3706 ‘Castorem
329 3643 568 3728 Pollucemque’
591 3658 780 3712 memorant.
839 3645 890 3709 Ea
913 3642 963 3707 vis
984 3648 1141 3714 numini:

114 3743 233 3792 nornen
248 3727 350 3793 Alcis.
384 3727 495 3805 ‚Nulla
508 3730 690 3816 simulacra,
699 3733 830 3798 nullum
838 3728 1017 3818 peregrinae
1026 3750 1140 3819 super·
