2392 4050
110 267 176 339 276
462 264 781 338 (λθοιιΜιοιτῐ

110 440 172 507 huc
186 440 246 506 sui
260 442 470 526 persuasione
482 441 612 523 fruitur,
627 452 665 506 ut
678 461 713 505 se
727 459 795 505 uon
810 440 945 524 quidem
959 451 1036 506 onte
1051 442 1135 507 Gim-

110 542 226 591 rouem
241 538 390 591 numeret
403 526 461 591 sed
475 528 572 609 plane
587 537 659 610 post
673 526 895 589 Gabinianum
907 526 925 588 t
1194 605 1195 610 ἵ

154 609 293 676 XXVII.
315 612 434 708 Atego
455 630 521 675 non
538 612 673 675 verebor
696 609 865 674 nominare
891 608 1135 696 singulosque
1194 619 1195 688 t

110 690 245 775 ssciliirs,
273 712 331 780 pro
391 697 444 761 rtis
466 695 636 779 exemplis,
661 705 820 778 appareat,
843 695 965 778 quibus
990 697 1137 781 gradibus
1194 755 1195 758 ,

109 776 213 843 fracta
226 778 268 842 sit
281 789 313 843 et
367 780 493 845 minuta
507 778 702 864 eloquentia.
774 793 779 798 ·
1194 839 1195 856 ἢ

153 864 351 947 Appropera,
367 863 474 947 inquit
493 865 672 942 Maternus,
687 873 720 926 et
733 862 838 945 potius
852 862 990 927 exsolve
1011 864 1138 947 promis·

110 964 195 1012 sum.
239 947 352 1032 Neque
375 948 466 1014 euim
484 950 548 1013 hoc
571 948 682 1032 colligi
706 946 936 1025 desideramus,
959 947 1135 1013 disertiores

108 1049 180 1096 esse
193 1031 350 1113 antiquos,
364 1031 454 1114 quod
467 1032 554 1115 apud
571 1051 623 1096 me
637 1031 773 1114 quidem
794 1032 830 1093 in
848 1032 999 1095 confesso
1015 1044 1071 1112 est,
1085 1033 1135 1096 sed
1194 1061 1195 1098 r

110 1132 226 1178 causes
240 1115 453 1198 exquirimus,
472 1135 554 1199 quas
576 1125 608 1179 te
628 1116 763 1179 solitum
782 1123 926 1195 tractare,
950 1117 1053 1198 paulis
1067 1118 1135 1181 unte
1194 1115 1195 1202 i

109 1195 231 1279 dixisti,
252 1200 350 1282 plane
374 1200 482 1264 mitior
494 1210 528 1264 et
544 1200 741 1282 eloquentie
755 1208 940 1281 temporum
954 1212 1137 1266 nostrorum
1194 1207 1195 1242 i

111 1284 312 1431 mad?
339 1295 514 1369 antequam
531 1295 563 1348 ta
584 1286 672 1366 Aper
695 1282 879 1364 offenderet,
904 1283 1045 1366 majores
1068 1296 1136 1349 tuos
1194 1321 1195 1390 i

234 1387 255 1432 n
301 1414 309 1430 ¹
464 1389 468 1392 .

154 1451 229 1514 Nou
240 1470 324 1530 sum,
337 1451 452 1535 iuquit,
465 1451 609 1517 offensus
621 1451 701 1532 Apri
713 1452 814 1516 nostri
825 1451 1045 1535 disputatione
1056 1477 1064 1536 ;
1080 1474 1136 1520 uec

109 1551 169 1597 vos
182 1533 305 1598 offendi
317 1534 451 1617 decebit,
463 1536 493 1599 si
506 1536 585 1620 quid
597 1534 678 1598 forte
689 1555 784 1600 aures
793 1547 915 1601 vestras
927 1538 1135 1623 perstringet:

108 1618 185 1683 ciam
197 1618 317 1699 scistis,
331 1619 418 1684 hanc
430 1639 501 1685 esse
515 1619 674 1702 ejusmodi
688 1639 876 1684 sermonum
891 1623 1011 1707 legem,
1023 1623 1136 1703 judici-

110 1720 168 1767 sm
178 1702 289 1784 animi,
304 1704 386 1768 citro
395 1703 554 1770 damnum
568 1704 710 1785 affectus,
725 1705 877 1787 proferre.

152 1787 266 1872 Perge,
289 1787 396 1890 inquit
419 1790 596 1869 Maternus,
617 1795 738 1854 etcum
754 1789 796 1853 de
819 1790 961 1873 antiquis
983 1792 1133 1875 loquaris,
1192 1805 1193 1812 ’

54 1939 58 1944 ,
108 1883 200 1935 utere
214 1871 348 1955 antiqua
363 1874 516 1955 libertate,
531 1894 552 1937 a
573 1873 640 1958 qui
653 1874 706 1937 rel
730 1874 833 1959 rengis
855 1873 1133 1962 degeneravimus,

107 1958 206 2041 quim
220 1958 261 2019 ab
275 1957 469 2041 eloquentiis.
583 1995 588 1998 -

20 2064 24 2069 ·
150 2041 311 2109 XXVIII.
334 2043 545 2107 EtMessola:
569 2042 1134 2126 Nonreconditaqttnemacauus

106 2126 260 2207 requiris:
282 2145 345 2190 nec
370 2137 427 2191 aut
450 2128 509 2190 tibi
532 2127 602 2210 ipsi,
617 2137 674 2191 aut
698 2127 776 2192 huic
799 2128 963 2209 Secundo,
983 2132 1036 2194 vel
1060 2127 1133 2192 huic

108 2209 200 2292 Apro
214 2209 351 2293 ignotas,
362 2212 488 2275 etiamsi
504 2211 584 2276 mitri
599 2221 706 2296 partes
719 2211 891 2298 assignetis
905 2214 1086 2297 proferendi
1105 2210 1135 2271 in

107 2292 261 2372 medium,
281 2313 354 2378 quae
376 2315 490 2360 omnes
509 2297 676 2363 sentimus.
721 2297 809 2367 Quis
832 2298 921 2361 eninr
945 2299 1081 2383 ignorat,
1102 2300 1132 2354 et

3 2420 5 2437 ,
105 2378 322 2462 eloquentiam
334 2389 368 2444 et
382 2392 503 2444 ceteras
517 2392 601 2445 artes
615 2381 790 2445 descivisse
804 2384 845 2445 ab
859 2382 921 2443 isti
943 2392 1048 2444 vetere
1066 2377 1132 2470 gio·

104 2462 162 2542 rit,
178 2483 244 2528 nou
258 2464 365 2548 inopii
381 2465 634 2545 homiuum-sed
651 2464 774 2530 desidiis
788 2464 972 2546 juventutis
985 2472 1018 2524 et
1032 2461 1130 2545 negli-

103 2549 214 2632 gentis
227 2562 399 2630 parentum
411 2562 445 2615 et
463 2549 633 2614 inscientii
650 2549 905 2634 praecipientium
923 2556 955 2608 et
973 2544 1131 2608 oblivione

3 2694 4 2699 ,
104 2633 201 2694 moris
216 2634 365 2715 antiqui?
385 2653 458 2717 quae
473 2636 568 2714 mula,
584 2634 725 2717 primum
739 2634 773 2696 in
789 2632 866 2695 urbe
881 2638 967 2707 ueta,
982 2648 1059 2692 mox
1080 2646 1131 2710 per
1192 2654 1193 2673 r

3 2708 6 2786 ἰ
103 2714 232 2778 ltaliam
247 2714 329 2794 fusa,
340 2716 453 2797 jamin
464 2718 647 2802 provincias
657 2725 807 2782 manent:
829 2731 1017 2795 quanquam
1026 2723 1131 2776 uostrs

103 2798 196 2862 uobis
211 2798 338 2862 notiora
351 2811 438 2864 sunt
470 2802 556 2886 Ego
570 2803 704 2867 deurbe
717 2809 749 2862 et
771 2797 821 2859 his
843 2796 981 2880 propriis
1003 2817 1042 2862 ac
1063 2815 1130 2861 ver·

3 2906 4 2911 ¹
103 2882 232 2948 usculis
246 2882 334 2947 vitiis
357 2886 480 2968 loquar,
494 2907 567 2969 quae
590 2898 682 2950 natos
703 2881 810 2945 statim
831 2880 1001 2962 excipiunt
1021 2890 1053 2944 et
1074 2898 1129 2963 per

3 2969 4 2978 ’
102 2968 153 3032 sin
203 2970 253 3034 los
264 2971 366 3034 oetatis
381 2969 502 3055 gradus
512 2971 742 3033 cumulantur:
764 2965 792 3026 si
811 2964 898 3046 prius
911 2963 953 3027 de
967 2967 1129 3029 severitate

2 3052 5 3107 i
102 3074 142 3118 oc
177 3054 328 3137 ‘scipliuai
340 3055 511 3136 majorum,
523 3055 610 3118 circe
621 3048 808 3115 mutandos
828 3048 1077 3133 formandosque
1098 3050 1129 3113 ti

3 3176 5 3215 γ
103 3137 205 3219 beros,
221 3159 325 3221 pauca
337 3140 527 3223 praedixero.
571 3138 645 3199 Jarn
661 3134 1026 3218 primirmsuusouique
1040 3134 1129 3212 filius,

3 3237 5 3249 ’
100 3240 144 3286 ex
158 3223 247 3286 casti
270 3234 401 3305 parente
421 3237 525 3300 natus,
541 3238 608 3283 uon
632 3220 667 3284 in
691 3220 775 3283 ceilir
796 3228 889 3281 erutae
909 3220 1057 3299 nutricis,
1076 3216 1126 3283 scd

3 3325 4 3366 1
101 3305 226 3391 gremio
240 3326 279 3370 ac
299 3309 374 3373 sinu
390 3306 499 3372 matris
521 3304 736 3386 educabatur3
760 3301 855 3383 cujtrs
879 3303 1044 3388 prmcipns
1064 3305 1127 3367 tans

101 3399 178 3467 erat,
195 3390 277 3452 tueri
292 3392 472 3454 demumst
487 3388 646 3455 inservire
655 3389 774 3452 liberis.
819 3388 1012 3484 Eligebstur
1025 3400 1126 3452 auten

99 3470 212 3551 aliqua
226 3472 328 3550 major
347 3484 427 3535 nutu
448 3471 638 3553 propinqua,
654 3472 750 3552 cujus
765 3474 904 3555 probatis
921 3475 1127 3556 spectatisque

98 3553 244 3616 moribus
258 3553 364 3617 omnis
386 3554 569 3633 cujuspiam
583 3553 715 3618 familie
729 3557 856 3620 soboles
870 3557 1126 3633 committeretur,

99 3649 209 3695 corum
222 3635 286 3714 qui
299 3654 406 3716 neque
420 3635 527 3703 dicere
542 3635 592 3698 fas
607 3647 684 3718 erat,
699 3639 788 3721 quod
803 3649 896 3723 turpe
910 3639 1012 3719 dictu,
1029 3658 1127 3723 neque

97 3708 212 3790 fecere,
227 3716 314 3794 quod
329 3716 540 3780 inhonestum
554 3719 643 3785 fectu
658 3721 832 3788 videretur.
877 3726 1009 3789 Aenon
1024 3723 1127 3789 studit
