2392 4050
494 227 693 296 Anamari.
1038 228 1106 298 245

68 406 137 478 est,
159 415 251 480 spem
276 416 315 461 ao
337 397 519 462 subsidium
544 397 579 463 in
604 398 721 464 nostris
746 397 898 465 manibus
920 396 1102 469 habebant:

67 483 157 566 quie
171 481 362 547 nobilissimi
377 483 474 547 totius
488 483 673 564 Britanniae,
696 484 798 578 abque
813 483 849 547 in
864 483 943 568 ipsis
958 496 1103 567 penetra·

68 567 165 631 libus
178 566 241 646 siti,
262 586 324 631 nec
338 568 549 631 servientium
564 567 672 632 littora
685 568 884 651 aspicientes,
898 571 1012 633 oculos
1025 586 1105 652 quo·

67 669 141 733 que
155 672 176 714 a
188 661 340 715 contactu
354 650 584 715 dominationis
598 651 771 717 inviolatos
788 654 993 718 habebamus.
1026 655 1102 736 Nos,

68 744 235 799 terrarum
249 755 288 799 ac
302 735 457 800 libertatis
469 744 640 815 extremos,
655 754 800 802 sedemus
814 739 883 834 ipse
897 757 937 802 ac
951 738 1044 801 sinus
1058 737 1104 802 fa·

69 838 138 883 moe
162 820 198 882 in
220 820 310 885 hunc
334 819 425 894 diem
441 818 605 885 defendit:
627 841 718 887 nuno
742 830 899 889 termrnus
923 822 1102 886 Britanniae

68 912 180 998 patet:
202 913 298 986 atque
308 922 404 968 omne
417 904 564 990 ignotum
573 906 815 992 promagnifico
829 920 887 973 est.
930 906 996 971 Sed
1009 906 1104 971 nulla

66 1006 145 1066 Jam
164 989 250 1051 ultra
271 1007 361 1073 gens,
383 989 467 1053 nihil
488 988 553 1052 nisi
572 988 692 1053 fluctus
706 1001 739 1053 et
759 1011 856 1055 saxa:
877 1002 909 1054 et
923 990 1103 1054 infestiores

67 1070 236 1135 Romani:
257 1091 399 1155 quorum
422 1073 608 1155 superbiam
636 1072 754 1141 frustra
776 1094 833 1157 per
852 1074 1046 1159 obsequium
1069 1083 1102 1139 et

69 1154 268 1219 modestiam
289 1156 451 1241 effugeris.
495 1155 652 1240 Raptores
674 1159 768 1239 orbis,
792 1168 961 1241 postquam
982 1168 1103 1224 cuncta

69 1239 279 1304 vastantibus
301 1239 433 1306 defuere
452 1251 555 1322 terrae,
580 1252 613 1304 et
635 1261 722 1306 mare
742 1252 947 1307 scrutantur:
969 1245 998 1305 si
1013 1245 1102 1308 locu·

68 1325 145 1406 ples
168 1323 270 1387 hostis
294 1334 352 1403 est,
378 1326 487 1407 avari3
509 1324 538 1388 si
563 1345 693 1409 pauper,
724 1325 903 1391 ambitiosi:
925 1346 1008 1410 quos
1034 1344 1102 1391 non

68 1409 201 1489 Oriens,
223 1427 289 1472 non
306 1409 478 1488 Occidens,
499 1409 672 1474 satiaverit.
716 1410 786 1475 Soli
801 1412 949 1476 omniurn
964 1430 1041 1494 opes
1055 1420 1102 1475 at·

94 1496 139 1557 ue
155 1492 299 1575 inopiam
318 1492 387 1574 pari
409 1494 530 1566 affectu
543 1495 789 1576 concupiscunt
833 1494 980 1573 Auferre,
1002 1493 1101 1559 truci·

66 1512 162 1654 gare,
185 1594 296 1658 rapere
311 1576 401 1641 salsis
414 1576 612 1654 nominibus,
627 1579 839 1660 imperium
860 1587 965 1661 atque,
980 1579 1038 1642 ubi
1052 1596 1101 1643 sa-

68 1658 394 1740 litudinemiaciturt,
406 1660 726 1744 pceemappellant!
1175 1726 1180 1737 ,

118 1743 251 1810 ΧΧΧΙ.
274 1743 423 1808 ‘Liberos
433 1743 551 1825 cuique
566 1762 605 1806 ac
619 1743 816 1827 propinquos
826 1761 902 1806 suos
917 1754 1036 1809 natura
1049 1767 1101 1812 ca·

68 1828 218 1893 rissimos
231 1846 301 1891 esse
314 1827 437 1892 voluit:
459 1827 495 1889 hi
510 1845 567 1909 per
581 1825 733 1908 delectas,
745 1827 822 1890 alibi
836 1827 998 1909 servituri,
1013 1830 1100 1895 artfe-

67 1922 209 1977 runtur:
233 1910 389 1997 conjuges
396 1929 594 1993 sororesque,
610 1910 669 1973 etsi
681 1910 1101 1978 hostilemlibidinemeffn·

70 1996 176 2083 giant,
199 1995 331 2060 nomine
360 1998 549 2064 amicorum
574 2005 670 2078 atque
695 1995 869 2081 hospitum
895 1997 1099 2079 polluuntur.

69 2083 170 2146 Bona
181 2081 391 2163 fortunasque
406 2081 440 2144 in
455 2080 612 2144 tributum
626 2090 781 2174 egerunt3
804 2080 839 2142 in
855 2099 1020 2145 annonam
1034 2080 1101 2148 iru-

69 2174 237 2230 mentum:
251 2184 384 2246 corpora
395 2166 512 2248 ipsese
523 2183 650 2244 manus,
666 2165 768 2247 sylvis
777 2183 817 2227 ac
826 2164 1000 2246 paludibus
1011 2184 1100 2230 emu-

68 2248 211 2329 niendis,
221 2248 354 2312 verbera
362 2248 445 2313 inter
453 2268 492 2312 ac
503 2249 726 2327 contumelias,
735 2258 914 2312 conterunt.
943 2250 1099 2313 Nataser·

68 2332 169 2397 vituti
178 2332 448 2415 mancipiasemel
459 2341 612 2411 veneunt,
629 2342 724 2415 atque
733 2331 997 2395 ultroadominis
1008 2333 1099 2398 alans

69 2426 149 2480 tur:
172 2416 341 2479 Britannia
360 2417 549 2481 servitutem
567 2435 662 2482 suam
682 2413 826 2497 quotidie
847 2415 934 2492 emit,
956 2415 1100 2495 quotidie

69 2501 184 2584 pascit.
228 2502 286 2581 Ac,
300 2501 384 2565 sicut
397 2501 431 2563 in
447 2499 570 2563 familia
585 2498 825 2562 recentissimus
841 2497 978 2578 quisque
993 2517 1101 2566 servo·

70 2603 150 2648 rum
163 2593 195 2647 et
208 2585 372 2648 conservis
392 2584 531 2648 ludibrio
544 2591 612 2646 est:
635 2581 691 2660 sio,
713 2583 747 2643 in
764 2580 826 2643 hoc
840 2580 927 2643 orbis
942 2591 1100 2650 terrarum

69 2678 179 2731 vetere
193 2667 360 2747 famulatu,
375 2669 453 2732 novi
478 2685 538 2731 nos
560 2676 593 2729 et
615 2665 696 2728 viles
720 2663 754 2725 in
769 2661 935 2727 excidium
948 2665 1099 2745 petimur.

69 2752 188 2834 Neque
201 2751 290 2815 enirn
304 2771 383 2815 arva
393 2751 494 2828 nobis,
509 2759 566 2812 aut
580 2748 719 2825 metalla,
735 2758 792 2810 aut
806 2755 1013 2828 portassent,
1028 2749 1099 2833 qui·

70 2838 133 2899 bus
149 2835 336 2899 exercendis
347 2851 560 2916 reservemur.
605 2831 716 2894 Virtus
730 2848 824 2911 porro
838 2849 877 2893 ac
892 2829 1012 2895 ferocia
1023 2836 1099 2900 sub-

66 2919 232 3001 jectorum
245 2918 370 3002 ingrata
387 2914 638 2997 imperantibus:
660 2923 692 2977 et
706 2913 926 2996 longinquitas
943 2934 981 2977 ac
996 2935 1099 2981 secre-

72 3015 146 3067 tum
164 3003 272 3085 ipsum
294 3002 361 3082 qud
386 2999 496 3076 tutius,
517 2997 557 3059 eb
579 2996 770 3078 suspectius.
814 2996 872 3073 lta,
894 2998 1021 3068 sublata
1041 3015 1099 3082 sps

69 3086 188 3165 venia,
210 3083 341 3148 tandem
354 3083 471 3147 sumite
486 3079 643 3156 animum,
665 3088 732 3141 tam
745 3077 863 3160 quibus
877 3080 976 3159 salus,
1021 3088 1099 3149 narn

68 3170 192 3253 quibus
202 3168 315 3253 gloria,
326 3165 492 3231 carissima
503 3171 559 3225 est.
605 3162 833 3241 Trinobantes,
848 3159 982 3226 immina
1029 3186 1099 3249 uae,

69 3271 209 3317 exurere
223 3252 394 3331 coloniam,
416 3265 604 3342 expugnare
627 3255 739 3326 castra,
763 3264 811 3323 ac,
833 3244 897 3309 nisi
913 3245 1049 3312 felicitas
1063 3252 1099 3318 in

70 3335 254 3423 socordiam
268 3337 422 3416 vertisset,
444 3352 564 3397 exuere
583 3350 703 3427 jugum
722 3329 876 3414 potuere:
898 3351 958 3396 nos
981 3333 1099 3421 integri

70 3431 104 3486 et
117 3419 276 3501 indomiti,
300 3431 332 3484 et
347 3421 526 3483 libertatem
541 3436 608 3480 non
628 3436 664 3480 sn
683 3415 852 3497 praesentia
865 3415 971 3497 laturi,
994 3419 1099 3497 primo

69 3504 182 3569 statim
195 3523 370 3590 congressu
386 3522 495 3568 nonne
509 3501 725 3582 ostendemus,
747 3518 830 3583 quos
843 3500 904 3562 sibi
920 3498 1100 3593 Caledpnia

69 3589 160 3653 viros
174 3588 376 3670 seposuerit?
420 3591 473 3652 An
497 3585 635 3650 eandem
658 3584 816 3647 Romanis
838 3583 872 3644 in
898 3583 985 3644 bello
999 3588 1100 3641 vutn·
1173 3605 1180 3614 ¹

72 3682 150 3755 tem,
163 3679 263 3758 quam
276 3675 311 3738 in
325 3691 405 3757 pace
419 3668 725 3813 lasciviaqruadasse
740 3663 871 3729 creditis
881 3663 905 3725 Ρ
