2392 4050
145 181 210 251 228
511 183 856 252 &contuberniis

143 356 300 422 hbotant
340 354 409 422 uod
422 363 455 420 et
468 373 557 422 mare
578 367 773 439 scrutantur,
797 379 837 423 ac
857 356 917 422 soli
931 355 1065 422 omniunt
1077 372 1135 420 sno

142 441 266 522 einum,
287 442 376 526 qnod
401 443 463 526 ipsi
482 441 626 510 Olenum
645 458 773 527 vocant,
796 446 880 509 inter
900 442 983 507 vada
1003 441 1134 525 atqnein

142 527 215 614 ipso
229 529 335 593 littore
349 529 470 614 legunt.
512 529 593 610 lies,
608 547 679 612 quae
689 540 814 610 natura,
825 547 938 614 quaeve
948 526 1024 592 ratio
1034 527 1135 615 gignat,

50 615 55 626 '
142 624 181 680 nt
205 613 357 695 barbaris,
380 614 556 697 quaesitum
579 625 829 698 compertumre.
873 615 940 680 Diu
962 616 1039 698 quin
1057 613 1135 676 etiarn

142 698 228 765 inter
240 711 346 764 cetera
357 699 568 780 ejectamentn
580 701 678 764 maris
687 699 823 782 jacebat,
832 700 934 765 donec
946 699 1071 764 luxuria
1081 714 1136 762 aas·

142 785 295 851 mandit
314 803 455 850 nomen:
477 786 554 869 ipsis
578 786 613 851 in
638 788 732 851 nullo
756 803 840 850 usn:
861 784 943 849 rude
964 787 1081 876 legitur,
1099 782 1135 846 in

142 868 245 936 forme
255 870 419 956 perfertur,
430 870 633 958 pretiumque
643 872 795 937 mirantes
803 870 977 954 accipiunt
1016 863 1168 938 saecun*

141 956 1135 1042 tamenarborumesaeintelligas,qniaterrenaqurodamttqus

141 1042 239 1107 enam
252 1041 402 1106 volucria
415 1042 569 1106 animalia
593 1044 784 1126 noruntque
801 1043 1004 1122 interlucent,
1018 1060 1082 1125 qne
1093 1040 1136 1103 in

141 1126 261 1277 plicata
289 1125 434 1208 humore,
470 1146 557 1208 mox,
585 1128 775 1192 durescente
801 1128 945 1207 materiai,
974 1127 1135 1193 cluduntur.

171 1210 380 1278 oeeundiora'
408 1212 470 1277 'tur
480 1232 614 1278 nemora
628 1215 793 1297 lucosque,
806 1215 889 1278 siem
905 1212 1047 1277 Orientis
1058 1228 1136 1274 seete

140 1297 191 1379 tis,
206 1297 263 1363 nbi
278 1232 595 1383 thnralilalsamnquo
609 1298 774 1381 sudantur,
790 1299 835 1363 ita
843 1296 1030 1363 Occidentis
1043 1294 1136 1360 insilit

140 1382 296 1466 terrisque
316 1384 430 1464 inme,
452 1383 662 1466 crediderim
684 1403 759 1470 qnae
780 1384 881 1448 vicini
904 1385 983 1448 solis
996 1382 1086 1449 radiis
1097 1398 1137 1443 er·

139 1485 250 1553 pressa
263 1478 359 1551 atque
374 1469 530 1551 liquentia
545 1471 579 1534 in
593 1470 780 1554 proximum
794 1487 880 1534 mare
895 1470 1056 1547 labuntur,
1069 1462 1136 1531 toti

139 1562 363 1637 tempestatum
386 1553 423 1619 in
448 1554 583 1620 adversa
605 1556 711 1620 littora
729 1555 905 1622 exundant.
949 1555 987 1620 si
1011 1564 1136 1618 nemrim

139 1637 265 1706 succini
280 1636 409 1703 admoto
432 1640 507 1729 igne
530 1651 642 1721 tentes,
657 1641 692 1705 in
714 1642 848 1706 modurn
861 1639 950 1704 tede
965 1638 1135 1714 accenditur,

140 1726 261 1810 alitque
274 1725 439 1790 flammam
452 1726 609 1813 pinguem
621 1736 654 1791 et
674 1727 814 1791 olentem
827 1749 834 1791 :
855 1745 933 1792 mox
946 1737 985 1791 nt
998 1727 1032 1791 in
1052 1725 1135 1810 pioen

140 1812 321 1878 resinamve
332 1813 488 1876 lentescit.
531 1811 710 1876 Suionibus
724 1812 876 1878 Sitonum
928 1823 999 1877 ntes
1013 1810 1135 1875 continu

139 1908 245 1963 antur.
289 1897 405 1963 Cetera
418 1897 546 1980 similes,
560 1915 629 1961 uno
643 1897 803 1979 differunt,
812 1898 870 1980 qu*
913 1896 1045 1962 ioentina
1056 1891 1133 1959 doni·

139 1993 255 2050 natur:
277 1980 312 2047 in
328 1992 456 2051 tantum
470 2001 536 2049 non
551 1982 648 2048 modo
673 2003 694 2048 a
707 1983 859 2065 libertate,
874 1982 930 2048 sed
943 1982 1040 2048 etiam
1053 2002 1071 2045 a
1086 1995 1133 2044 ser·
1170 1981 1171 1988 ’

139 2068 243 2134 vitute
255 2067 462 2156 degenerant.

182 2153 300 2221 XLVI.
322 2153 387 2219 Hic
411 2155 542 2221 Sneriae
567 2154 653 2220 linis.
696 2154 914 2220 Peucinorum
939 2152 1132 2219 Venedornn-

137 2257 200 2323 que
222 2248 253 2304 et
268 2238 458 2309 Fennorum
471 2241 618 2307 nationes
641 2240 813 2304 Germanis
827 2259 869 2304 an
892 2239 1045 2304 Sarmatis
1057 2232 1131 2300 ascri

138 2324 222 2406 barn,
235 2323 367 2390 dnblto:
389 2345 577 2410 quenquam
592 2326 738 2406 Peucini,
748 2344 829 2408 quos
843 2323 976 2408 quidam
986 2326 1130 2414 Bastarnis

137 2420 264 2492 vocant,
278 2430 435 2492 sermone,
458 2413 559 2492 cultu,
573 2411 648 2476 sede
671 2433 709 2477 uc
731 2409 912 2492 domiciliis,
936 2420 974 2475 ut
999 2412 1128 2501 Gerntrtt

137 2506 251 2582 agunt
293 2497 409 2562 Sordes
422 2497 571 2562 omnium
593 2517 632 2561 ac
654 2507 761 2581 torpor
775 2516 963 2581 procerum:
985 2492 1129 2559 connubiis

136 2581 256 2661 mixtis,
271 2583 420 2647 nonnihil
435 2583 470 2646 in
485 2584 707 2649 Sarmatarum
720 2582 867 2647 habitum
880 2580 1050 2646 soednntnr.
1085 2577 1130 2640 le

128 2666 211 2731 'nedi
225 2668 366 2732 multum
379 2687 421 2731 ex
435 2669 578 2733 moribus
593 2679 768 2733 traxerunt
812 2665 1057 2750 Namquiequid
1066 2663 1130 2727 inter

136 2750 297 2816 Peucinos
309 2752 501 2835 Fennosque
510 2754 679 2838 sylvarum
689 2773 728 2819 ac
739 2754 895 2818 montium
906 2752 1046 2838 erigitur,
1057 2752 1130 2813 latro

136 2835 229 2902 ciniis
243 2847 415 2922 pererrant.
459 2838 504 2902 Hi
517 2848 626 2904 temen
645 2839 729 2903 inter
749 2839 928 2902 Germanos
950 2837 1051 2921 potins
1071 2832 1130 2899 rese

134 2933 261 3005 rantur,
274 2922 352 3008 quia
373 2934 405 2988 et
417 2923 529 2990 domos
543 2925 672 3013 lingunt
684 2935 715 2990 et
728 2933 821 2988 scuta
834 2933 959 3011 gestent
982 2934 1014 2988 et
1032 2920 1130 3006 mlum

135 3029 199 3076 usu
213 3031 251 3076 ac
265 3008 451 3096 pernicitate
462 3009 624 3096 gaudeat,
647 3030 719 3094 que
733 3009 843 3075 omnia
855 3008 984 3072 diversa
997 3003 1128 3073 Sarmatis

134 3107 220 3176 sunt,
235 3097 269 3162 in
285 3098 427 3180 plaustro
441 3115 595 3181 equoque
603 3096 796 3161 viventibus.
840 3094 964 3158 Fennis
986 3093 1064 3158 inira
1075 3089 1129 3155 leri·

134 3190 192 3261 tas,
207 3180 293 3246 sceda
307 3194 497 3266 paupertas:
519 3200 585 3245 non
601 3201 697 3260 arma,
719 3199 786 3245 non
801 3180 884 3262 equi,
909 3198 976 3244 non
996 3179 1127 3244 Penates:
1167 3160 1168 3211 l

75 3293 78 3297 ²
133 3266 234 3331 victui
248 3267 357 3348 herba,
372 3267 502 3332 vestitui
516 3269 624 3352 pelles,
645 3267 751 3333 cubile
764 3266 904 3331 humus:
926 3265 997 3329 sole
1009 3264 1042 3330 in
1054 3260 1128 3348 sagit·

133 3352 174 3416 tis
197 3370 279 3433 spes,
301 3371 392 3433 quas,
416 3353 526 3436 inopie
546 3352 631 3432 ferri,
650 3352 776 3416 omibus
799 3358 955 3436 asperent.
998 3350 1127 3430 Idemque

132 3446 271 3500 venetus
286 3436 372 3499 viros
386 3440 504 3518 pariter
516 3457 554 3502 ao
565 3437 715 3504 foeminas
725 3437 791 3501 alit.
835 3437 961 3502 Passim
967 3436 1126 3499 animan

133 3519 263 3598 ituatur,
281 3529 466 3603 partemque
487 3522 601 3605 predae
622 3530 745 3606 petunt.
789 3522 857 3588 Nec
871 3521 960 3586 aliud
974 3519 1125 3585 inunum

131 3602 272 3669 ferarum
287 3604 502 3688 imbriumque
515 3607 703 3688 suffugium,
718 3608 815 3691 quim
829 3607 914 3673 utin
929 3608 1036 3690 aliquo
1046 3600 1125 3669 rino

131 3703 207 3752 runs
218 3706 307 3752 nexu
322 3700 553 3776 contegantur:
575 3692 642 3756 huc
654 3691 789 3759 redeunt
799 3691 946 3775 juvenes,
960 3692 1023 3757 lroc
1032 3704 1123 3756 naun
1165 3746 1166 3785 ,
