2392 4050
84 191 153 263 ω
438 182 759 253 adsumetur

82 359 254 428 iracundie
267 358 351 425 nihil
366 367 548 442 superem:
569 366 732 422 mentum
741 363 774 419 et
787 353 963 420 silentium
972 351 1106 436 ejusnott

83 448 232 512 timeres:
255 444 423 509 honestius
436 443 569 527 putabat
582 440 755 519 offendere,
769 441 871 524 quim
885 441 1008 503 odisse.
1069 519 1075 531 ι

126 531 257 596 xxm.
278 531 408 599 Quane
421 538 516 592 aestas
530 527 724 606 obtinendis,
744 546 818 608 quie
833 531 1049 607 percurrerat,
1067 539 1108 616 tu

83 628 212 679 mmta:
233 633 281 693 ac,
295 613 436 677 sivirtus
446 606 844 677 exercitunmetRomani
854 607 1110 692 nominisglona

83 708 256 781 pateretur,
279 697 434 761 inventus
458 696 495 759 in
518 694 587 778 ipsi
614 694 784 759 Britannii
802 694 977 758 terminus.
1035 690 1110 754 nan

84 784 181 847 ctou
195 794 227 847 et
248 781 410 859 Bodotria,
434 778 555 843 diversi
570 780 668 844 maria
683 780 814 843 aestibus
834 797 893 859 per
918 778 1112 840 immensum

83 878 231 944 revecta,
253 875 392 949 angusto
406 874 566 928 terrarum
579 863 685 946 spatio
697 862 921 928 dirimuntur:
945 859 1036 943 quod
1049 870 1111 923 tum

83 949 243 1033 praesidiis
264 948 473 1012 firmabatur:
495 958 592 1029 atquc
605 947 713 1010 omnis
732 947 860 1030 propior
880 947 981 1011 sinus
994 941 1119 1008 tenebe.

83 1043 149 1113 tur,
163 1031 336 1096 summotis
347 1030 441 1094 velut
461 1032 497 1093 in
512 1033 614 1094 aliam
626 1032 771 1095 insulam
782 1031 945 1099 hostibus-
1030 1078 1036 1085 ·

127 1114 254 1181 XXIV.
276 1112 407 1184 Quinto
420 1112 666 1210 expeditionum
680 1134 775 1197 anno,
795 1134 880 1178 nave
894 1112 1005 1195 primi
1018 1121 1114 1175 nana·

18 1198 22 1207 '
83 1217 224 1292 gruans,
244 1199 373 1285 ignotas
394 1197 437 1260 ad
462 1196 497 1261 id
521 1207 650 1279 tempus
672 1208 786 1282 gentes
807 1198 930 1265 enebris
957 1198 1112 1261 simulac

107 1284 245 1367 rosperis
260 1281 380 1364 preliis
390 1280 535 1347 domuit:
557 1298 693 1363 eamque
704 1293 827 1362 partem
838 1282 1113 1362 Britanniaque

83 1304 279 1432 ilibemiam
292 1365 415 1446 aspicit,
430 1364 532 1446 copiis
547 1364 711 1443 instmxit,
723 1366 757 1428 in
778 1385 869 1447 spem
890 1367 1008 1451 magis,
1020 1364 1112 1447 quint

83 1451 126 1514 ob
140 1449 367 1513 formidinem:
388 1448 419 1510 si
433 1448 565 1531 qnidam
579 1448 746 1526 Hibernia,
764 1449 871 1513 medio
885 1448 976 1512 inter
996 1450 1113 1512 Britan·

82 1533 175 1598 uiam
188 1544 284 1616 atquc
298 1533 493 1614 Hispaniam
506 1533 577 1611 sita,
598 1542 632 1597 et
653 1533 783 1597 Gallico
802 1551 934 1615 quoque
959 1532 1042 1597 mari
1062 1546 1113 1613 op*

83 1628 234 1702 portuno,
248 1615 504 1681 valentissimam
526 1617 659 1699 Imperii
680 1630 805 1700 mnam
827 1616 959 1711 magnis
976 1616 1111 1681 invisam

41 1740 50 1755 .
85 1702 202 1767 usibus
216 1702 391 1766 miscuerit.
434 1701 586 1784 Spatium
605 1699 688 1781 ejus,
710 1700 932 1764 aiBritanuue
953 1719 1111 1783 compare·

85 1797 148 1867 tur,
163 1785 343 1873 angustius,
356 1785 458 1849 nostri
479 1785 577 1850 maris
591 1785 718 1848 insulas
736 1795 876 1868 superat
919 1785 1041 1851 Solum
1053 1805 1109 1850 cor

86 1871 222 1954 lumque
236 1880 269 1934 et
282 1870 415 1952 ingenia
432 1870 607 1952 culmoque
630 1867 802 1933 hominum
820 1869 909 1934 haud
932 1871 1074 1933 multum
1092 1884 1110 1929 a

86 1954 260 2051 Britannici
272 1953 436 2032 differunt,
448 1972 511 2051 nec
523 1953 557 2016 in
570 1952 699 2049 melius.
741 1952 860 2017 Aditus
869 1963 1051 2037 portusque
1061 1970 1112 2037 per

85 2048 565 2217 blettttlb'tlit
583 2040 917 2208 3μέἓριὲἕᾷῗέ
934 2040 1112 2205 titii}

86 2227 125 2272 ac
139 2225 246 2288 specte
268 2205 417 2282 amicitie
432 2205 469 2270 in
481 2207 687 2270 occasionem
700 2208 866 2271 retinebat
909 2208 1007 2289 Saepe
1021 2228 1064 2271 ex
1076 2223 1111 2269 eo

86 2290 209 2369 audivi,
226 2290 353 2376 legione
366 2290 435 2353 una
449 2300 482 2353 et
496 2290 632 2354 modicis
646 2290 781 2355 auxiliis
794 2290 949 2355 debellari
964 2289 1112 2354 obtineri·

85 2395 151 2459 que
164 2374 355 2441 Hiberniam
463 2421 472 2438 .
516 2373 618 2456 quue
631 2375 730 2438 etiam
743 2375 896 2442 adversus
911 2375 1111 2440 Britanniam

85 2460 300 2606 profuturum,
314 2459 344 2521 si
357 2393 509 2523 ma
516 2458 639 2541 ubique
646 2478 746 2540 arma,
760 2469 792 2523 et
801 2461 890 2524 velut
903 2480 923 2523 e
938 2469 1110 2545 conspectu

99 2544 216 2609 ibertus
227 2546 402 2608 tolleretur.
844 2577 848 2581 ·

127 2628 241 2692 XXV.
264 2629 415 2693 Ceterum
429 2628 769 2709 assequeremur:
793 2628 892 2693 officii
914 2647 1043 2693 annum
1065 2627 1111 2691 in·

85 2712 232 2791 choabat,
247 2713 417 2792 amplexus
439 2711 586 2776 civitates
609 2724 699 2776 trans
720 2711 907 2778 Bodotriam
927 2713 1015 2792 sitas,
1036 2711 1112 2795 quia

84 2805 193 2859 motus
206 2794 435 2859 rmirersarum
448 2796 535 2859 altri
548 2798 705 2881 gentium,
718 2806 750 2861 et
771 2796 889 2861 infesta
902 2796 1014 2861 hostili
1026 2814 1111 2861 excr-

84 2880 151 2946 citu
166 2880 290 2958 itinera,
303 2879 509 2959 timebantur,
521 2892 633 2962 portua
644 2884 745 2945 classe
755 2881 955 2964 exploravit:
977 2902 1061 2964 qua,
1071 2880 1108 2941 ab

84 2964 241 3049 Agricoli
253 2963 393 3048 primum
407 2964 601 3028 assumta-in
615 2975 740 3047 partem
755 2966 888 3044 virium,
895 2967 1107 3047 sequebantur

84 3050 217 3194 Ball?
230 3048 1107 3218 :maletutlututlidubiutt

18 3263 19 3270 ,
84 3213 190 3290 miles,
202 3180 296 3280 mixti
307 3219 409 3300 copiis
420 3228 451 3282 et
465 3217 585 3296 letitia,
600 3237 662 3281 sua
675 3217 812 3300 quisque
824 3180 915 3297 facta:
926 3237 1005 3282 suos
1018 3233 1104 3282 casue

85 3295 288 3363 attollerent:
325 3319 363 3365 ac
389 3301 486 3365 modd
511 3302 681 3385 sylvarum
703 3310 735 3364 et
761 3303 921 3366 montium
941 3300 1104 3385 protunda,

18 3421 19 3426 κ
85 3379 183 3443 modb
197 3391 419 3461 tempestatum
434 3405 471 3449 ac
482 3386 643 3451 fluctuum
654 3385 799 3467 adversa,
810 3387 889 3451 hinc
903 3396 989 3451 terra
999 3397 1033 3451 et
1042 3386 1105 3449 hoe

84 3462 224 3553 tisphinc
235 3474 350 3526 auctus
363 3468 514 3532 Oceanus
525 3469 658 3532 militari
669 3467 826 3550 jactantii
838 3481 1104 3554 compararentur.

18 3619 19 3626 ἵ
84 3541 259 3605 Britannos
271 3564 410 3635 quoque,
426 3559 465 3611 ut
477 3571 520 3613 ex
534 3553 672 3632 captivis
698 3553 901 3633 audiebatur,
916 3555 988 3618 risa
1001 3553 1104 3619 classis

18 3666 20 3676 ’
85 3621 364 3706 ΟΜῑΠΡθῑωθδῠῑ,
380 3637 544 3713 tanquam,
563 3644 674 3718 aperto
696 3638 796 3703 maria
817 3638 871 3703 sui
892 3651 1027 3722 secreto,
1040 3636 1105 3703 ulti·
