2392 4050
124 199 168 263 A.
184 199 225 262 0.
241 197 308 286 oa]
437 196 850 263 Hreuon.Lre.P1²-1une.
1125 200 1148 263 'l

124 368 358 454 Vespasianus,
384 369 526 452 (Ducem
549 388 627 434 eum
650 369 736 451 Nero
757 369 942 457 delegeraq)
955 368 1056 436 tribus
1069 371 1147 461 legi·

123 457 247 521 onibus
261 451 512 520 administrabat.
556 457 626 520 Nec
640 455 836 539 Vespasiano
847 455 998 520 adversus
1008 458 1147 524 Galbam

123 553 245 605 votnm
260 552 315 605 aut
336 539 473 605 animus.
519 541 652 626 Quippe
678 542 802 621 Titum,
824 541 937 623 filium,
962 540 1003 606 ad
1020 561 1146 623 uenera-
1181 556 1189 613 ἴ

123 626 449 713 Qenacultnmque
460 622 530 708 ejus
541 627 679 706 miserat,
690 639 728 689 ut
737 628 879 691 suoloco
891 629 1145 694 memorabimus.

124 713 271 777 Occulti
286 715 356 796 lege
372 712 428 774 lati
443 722 474 775 et
489 713 621 783 ostentis
635 733 673 776 ac
688 712 848 796 responsis
862 711 1057 778 destinemm
1070 715 1147 778 Ves

123 798 263 882 pasiano
278 797 448 881 liberisqoe
470 798 540 879 ejus
563 797 749 882 Imperium,
770 807 841 882 post
861 796 1031 878 [ulium
1046 800 1147 867 credi·
1181 814 1188 866 1'

127 884 248 947 dimus.

173 970 235 1033 Xl.
258 969 438 1056 AEgyptum
450 968 629 1053 copiasque,
643 968 761 1054 quibus
771 973 978 1048 coerceretur,
990 970 1059 1052 jem
1069 970 1146 1036 inde

127 1074 150 1117 a
167 1055 253 1118 Divo
268 1057 319 1118 Au
345 1076 366 1119 u
385 1060 426 1133 to',
442 1055 578 1138 Equites
600 1054 738 1120 Romani
759 1055 906 1119 obtinent
922 1057 993 1121 loco
1008 1055 1156 1143 Regum·
1182 1094 1185 1103 ·

128 1141 181 1203 lta
195 1140 304 1204 visum
338 1140 477 1224 xpedire,
492 1142 692 1222 provinciam
706 1140 794 1207 mita
814 1140 989 1221 difficilem,
1010 1161 1145 1210 annona

126 1225 324 1305 facundam,
339 1224 561 1309 superstitione
586 1247 625 1291 oc
649 1226 780 1291 lasciviis
794 1225 974 1291 discordem
994 1248 1032 1293 ac
1047 1230 1146 1294 mobi-

4 1382 9 1391 ‚
128 1311 207 1388 lern,
222 1310 359 1374 inscium
376 1313 494 1397 legum,
519 1312 528 1374 i
576 1333 666 1377 aram
690 1312 950 1398 Magistratuum,
971 1310 1059 1377 dorni
1073 1314 1146 1379 reti·

128 1413 225 1469 nere,
262 1396 406 1481 Regebat
430 1405 500 1460 turn
557 1397 676 1464 iberius
699 1396 891 1477 Alexander,
917 1396 1062 1480 ejusdem
1089 1419 1146 1463 na-

128 1481 237 1544 tionis.
281 1480 444 1547 Africano
460 1483 602 1569 legiones
612 1483 646 1548 in
657 1486 704 1567 ed,
719 1483 883 1548 interfecto
898 1481 1012 1548 Clodio
1024 1485 1146 1565 Macro,

125 1576 280 1630 contenta
293 1567 521 1651 qualicumque
534 1568 693 1654 Principe,
707 1581 778 1652 post
788 1568 1044 1654 experimentum
1056 1569 1146 1635 dom·

127 1651 176 1716 ini
192 1652 335 1716 minoris.
380 1653 462 1719 Iluae
477 1655 694 1736 Mauretania,
709 1654 843 1734 Rhatia,
859 1654 1024 1736 Noricum,
1040 1655 1146 1720 'I'hra-

129 1738 190 1817 cie,
205 1748 238 1801 et
251 1758 322 1821 quae
338 1738 406 1804 aliae
422 1739 685 1825 Prerratonbus
699 1740 898 1820 cohilientnr,
912 1751 950 1804 ut
960 1743 1076 1825 cuique
1091 1762 1146 1807 cx·

128 1823 244 1887 ercitui
259 1824 383 1903 vicina,
398 1822 443 1887 ita
465 1825 500 1888 iu
514 1821 657 1890 fia‘vofem
678 1836 734 1890 aut
747 1825 859 1890 odium
872 1836 1020 1895 contactu
1036 1829 1145 1892 valen·

129 1907 251 1972 tiorum
275 1902 462 1995 agebantur.
520 1912 664 1975 Inermee
692 1910 872 2008 provincia,
898 1921 992 1993 etqroe
1015 1911 1086 1995 ipsa
1109 1913 1156 2048 inp
1186 1978 1191 1997 ‚

130 1993 243 2077 primis
268 1994 369 2074 ltalia,
396 1995 590 2080 cuicumque
615 1996 748 2061 servrtio
774 1994 926 2080 exposite,
951 1996 985 2061 in
1007 1999 1146 2082 pretium
1185 2004 1190 2017 ⁸

129 2078 207 2145 belli
219 2100 356 2147 cessure
371 2092 486 2147 erant·
510 2081 574 2146 Hic
595 2080 657 2147 fuit
679 2102 786 2150 rernm
802 2083 1021 2150 Romanarum
1034 2096 1144 2165 status,

130 2165 205 2229 crim
218 2167 287 2234 Ser.
303 2168 408 2231 Galba
423 2168 548 2247 iterum,
565 2168 664 2233 Titne
678 2168 803 2249 Vinius,
826 2169 992 2248 Consules,
1014 2168 1145 2250 inchoa-

130 2254 207 2334 pero
221 2270 355 2332 annum,
369 2252 430 2316 sibi
444 2251 606 2333 ultimum,
620 2253 817 2338 Reipublicae
835 2255 933 2337 prope
947 2273 1145 2338 supremum

173 2323 251 2401 XII.
275 2338 392 2402 Paucis
407 2347 479 2422 post
501 2338 667 2403 Kalendas
688 2340 858 2404 lanuarias
872 2339 985 2404 dicbus
999 2341 1145 2425 Pompeii

131 2422 320 2505 Propinqui,
336 2424 564 2505 Procuratoris,
575 2444 595 2488 e
605 2425 737 2511 Belgici
750 2427 847 2492 litera
859 2425 1053 2491 afferuntur:
1077 2436 1146 2492 ‘su-

129 2509 264 2595 perioris
280 2509 462 2575 Germania
477 2510 628 2593 legiones,
650 2514 745 2595 rupti
756 2511 945 2576 sacramenti
959 2513 1145 2594 reverentii,

129 2596 359 2680 Imperatorem
383 2595 486 2660 ulium
506 2595 659 2681 flagitare,
680 2608 712 2660 et
733 2596 867 2663 Senatui
890 2616 928 2660 ac
943 2595 1068 2689 Populo
1083 2598 1146 2662 no

129 2699 229 2745 mono
243 2665 414 2760 aifflqirrm
424 2679 565 2767 eligendi
581 2684 759 2766 permittere
771 2684 790 2765 ς’
810 2681 875 2766 qub
889 2673 1146 2749 seditioniblliirs
1171 2681 1177 2748 ἶ

129 2766 338 2849 acciperetur.
396 2765 572 2830 Maturavit
599 2788 639 2831 ea
660 2788 710 2833 res
732 2768 905 2833 consilium
929 2769 1049 2848 Galba,
1075 2770 1145 2851 jam

129 2851 256 3002 {iidem
277 2851 318 2915 de
339 2850 507 2936 adoptione
528 2871 640 2917 secum
660 2863 691 2918 et
712 2874 788 2920 cum
809 2853 964 2938 proximis
984 2855 1144 2940 agitantis.

162 2957 205 3000 ou
230 2937 308 3001 sane
332 2936 470 3002 crebrior
490 2938 556 3002 toti
574 2938 704 3003 civitate
725 2961 828 3005 sermo
850 2939 997 3023 perillus
1019 2959 1145 3006 menses

129 3022 249 3087 fuerat:
272 3021 410 3107 prinnini
425 3022 554 3090 licentii
573 3044 612 3089 ac
633 3024 766 3090 libidine
788 3026 864 3089 talia
885 3023 1045 3108 loquendi,
1066 3026 1144 3093 dein

129 3106 395 3191 fessfiraffltate
409 3109 531 3175 Galbae.
574 3110 693 3174 Paucis
710 3110 864 3192 'odicium
878 3121 934 3174 aut
947 3109 1144 3193 Reipublicae

130 3213 240 3258 amor:
265 3193 359 3258 mulli
374 3196 502 3259 occulti
522 3216 586 3279 spe,
602 3176 681 3279 p'iriir
717 3195 790 3293 quis
811 3195 936 3262 amicus
958 3198 1009 3259 vel
1031 3197 1151 3281 cliens,

16 3311 20 3322 ·
129 3279 221 3343 hunc
236 3280 289 3342 vel
305 3278 400 3344 illurn
417 3280 592 3345 ambitiosis
614 3283 795 3346 rumoribus
816 3281 1026 3361 destinabant,
1047 3284 1147 3351 ctiam

91 3365 165 3434 'rin
181 3365 224 3450 Τ.
241 3362 330 3446 Vinii
346 3365 466 3446 odium,
525 3368 536 3430 i
558 3369 593 3432 in
611 3366 680 3431 dies
701 3367 822 3451 quantb
843 3369 1009 3451 potentior,
1031 3370 1145 3438 eodem

100 3443 204 3514 ⁸lactu
226 3450 364 3514 invisior
377 3453 459 3515 brat.
499 3447 636 3537 'Quippe
656 3452 790 3533 hiantes,
812 3454 847 3516 in
870 3453 987 3539 magni
1007 3453 1144 3538 fortuni,

129 3537 306 3601 amicorum
332 3536 520 3619 cupiditates
549 3540 619 3623 ipsa
643 3539 754 3605 Galbae
779 3538 914 3603 facilitas
942 3538 1143 3608 intendebat:

129 3623 204 3687 cinn
219 3621 304 3703 apud
320 3622 484 3690 infirmum
507 3635 539 3691 et
551 3622 724 3690 credulum
738 3624 861 3692 minore
875 3634 963 3688 metu
977 3634 1010 3687 et
1023 3625 1144 3704 majore

126 3706 261 3793 premio
272 3719 465 3792 peccaretur.
497 3790 513 3807 ,
533 3788 577 3803 ..
