2392 4050
442 278 446 283 -
486 188 699 321 *naamam
1045 232 1114 300 W

84 398 252 487 Equidem
264 399 351 483 sepi
367 399 401 463 in
495 399 558 480 ine,
581 405 657 465 cum
668 418 729 465 vos
748 398 886 485 paludes
900 407 1067 466 montesve
1081 413 1114 468 et

81 487 225 552 fiumina
239 419 606 569 fatigarentffilsslmi
630 485 789 568 cuiusque
812 504 911 550 voces
933 484 1113 569 audienam,

83 570 233 642 artando
251 568 381 634 dabitur
394 569 504 651 hostis,
525 568 658 653 qnando
671 568 782 635 aeleri
826 570 982 649 Veniunt,
1004 570 1115 635 elate·

81 656 152 721 bris
167 656 235 718 suis
257 654 397 719 extrusi:
419 662 451 718 et
464 663 541 718 vota
559 655 724 752 virtusque
741 655 777 719 in
799 664 919 738 aperto,
940 654 1115 739 omniaque

81 758 190 823 prona
204 739 508 821 victoribuaatqne
521 737 636 803 eedem
649 739 745 803 victis
766 738 912 805 adversa.
957 738 1053 821 Nam,
1075 749 1114 804 ut

81 822 254 907 superiore
274 832 403 891 rantum
423 822 557 902 itineris,
579 824 690 906 sylvas
710 824 876 921 evassisse,
891 823 1045 888 traneim
1058 843 1116 888 ree»

81 906 202 987 tueria,
216 894 393 989 pulchrum
404 905 609 970 acdecornm
623 906 659 970 in
673 907 834 990 frontem
857 916 902 972 rta
913 906 1114 994 rugientibus

82 990 451 1077 periculosissime,quoe
461 990 865 1075 lrodidprosperimasunt
899 992 1115 1077 nequeenim

81 1076 181 1140 nobis
195 1084 252 1139 aut
262 1077 409 1139 locorum
419 1076 534 1139 eadem
548 1075 672 1156 notitia,
687 1086 746 1139 aut
752 1087 994 1148 commeatuum
1001 1075 1116 1141 eadem

82 1159 307 1224 abundantia:
330 1158 386 1223 sed
401 1177 519 1223 manus
532 1171 565 1223 et
579 1178 671 1225 arma
683 1169 716 1224 et
731 1159 765 1224 in
779 1160 832 1224 his
846 1161 967 1225 omnia.
1010 1159 1114 1233 Quod

82 1243 128 1309 ad
144 1262 196 1307 nie
211 1245 331 1324 attinet,
351 1242 560 1326 jampridem
578 1243 660 1311 mihi
679 1244 846 1310 decretum
859 1254 918 1325 eet,
939 1263 1046 1327 neque
1059 1264 1115 1309 ex·

81 1329 214 1410 ercitirs,
228 1346 334 1410 neque
350 1327 454 1392 Ducis
467 1337 558 1417 terga
572 1339 643 1392 tuta
656 1348 736 1393 eoae.
780 1328 922 1394 Proinde
934 1339 968 1393 et
980 1328 1117 1393 honen

82 1432 174 1479 more
188 1412 273 1495 turpi
287 1412 354 1477 vitai
368 1412 492 1496 potior;
514 1424 549 1476 ct
557 1413 763 1479 incolumitas
777 1434 816 1480 ac
828 1412 930 1480 decus
942 1412 1057 1479 eodem
1070 1414 1117 1478 lo·

82 1517 126 1563 eo
140 1498 204 1559 sita
217 1507 313 1561 sunt:
335 1515 396 1560 nec
422 1495 601 1581 inglorium
623 1498 728 1579 fuerit,
751 1500 786 1563 in
810 1499 881 1584 ipso
902 1510 1061 1565 temtum
1075 1517 1115 1563 ac

83 1591 213 1647 naturae
227 1580 294 1644 fine
308 1579 482 1644 cecidisse?

80 1698 85 1703 ·
130 1666 293 1732 XXXIV.
315 1664 370 1729 ‘Si
385 1683 478 1728 nove
493 1674 605 1750 genten
619 1674 714 1750 atque
732 1665 843 1752 ignota
857 1665 943 1729 ecies
957 1664 1115 1730 consuti»

81 1758 143 1831 eet,
169 1748 309 1813 aliorum
329 1750 534 1814 exercituum
560 1750 720 1832 exemplis
749 1767 809 1812 roa
835 1748 1001 1813 hortarer:
1023 1766 1115 1813 nuno

80 1844 195 1899 vestra
217 1832 335 1898 decora
354 1843 527 1912 recensete,
549 1843 674 1898 vestros
696 1835 810 1898 oculos
829 1833 1032 1918 interrogate.
1084 1832 1114 1896 Ii

81 1927 172 1996 suut,
193 1937 275 1999 qnos
294 1917 443 2000 proximo
466 1934 562 1996 anno,
587 1935 691 1980 unam
716 1918 878 2002 legionem
900 1916 986 1981 furto
1006 1915 1113 1980 nocua

82 2020 263 2087 aggressos,
279 2003 420 2067 clamore
431 1999 633 2066 debelldstis:
656 2000 679 2064 ii
691 2011 870 2067 ceterorum
883 2000 1117 2066 Britannorum

81 2086 297 2173 fugacissimi,
312 2085 449 2167 ideoque
464 2094 530 2148 tarn
545 2085 603 2152 diu
618 2086 813 2169 superstites.
857 2084 1035 2156 Quomodo
1048 2086 1115 2169 eyl-

80 2191 143 2236 vas
158 2171 321 2252 saltusque
346 2171 586 2251 penetrantibus
601 2169 810 2236 fortissimum
824 2170 977 2266 quodque
991 2168 1112 2236 animal

81 2255 198 2319 contri
215 2271 318 2333 ruere,
332 2253 451 2335 pavida
464 2264 497 2316 et
510 2254 626 2317 inertia
639 2254 709 2339 ipso
726 2254 868 2340 agminis
882 2272 972 2333 sono,
1027 2255 1114 2320 liun-

81 2350 161 2404 tur:
184 2339 231 2401 sic
250 2337 397 2402 acerrimi
420 2338 652 2402 Britannorum
672 2337 887 2420 jampridem
908 2337 977 2402 oeci
1000 2349 1112 2403 emntr

81 2423 230 2505 reliquus
255 2432 304 2485 est
325 2440 481 2486 numerus
503 2422 700 2508 ignavorum
721 2432 754 2490 et
773 2422 1009 2503 metuentium3
1031 2439 1113 2504 quoe

81 2506 174 2592 qudd
187 2507 318 2570 tandem
336 2506 516 2587 invenistis,
539 2524 605 2570 non
630 2507 823 2585 restiterunt,
843 2506 900 2570 sed
921 2503 1113 2587 deprehensi

80 2600 184 2655 sunt:
206 2589 382 2654 novissime
398 2608 448 2652 res
463 2601 494 2654 ct
508 2599 654 2654 extremo
668 2599 757 2656 metu
771 2608 907 2675 corpora
920 2588 1064 2653 defixere
1077 2588 1113 2654 in

81 2675 137 2739 his
149 2674 300 2760 vestigiis,
315 2674 350 2738 in
363 2674 483 2758 quibus
497 2676 669 2757 pulchram
682 2676 932 2773 etspeotabilem
941 2672 1114 2739 victoriam

82 2759 231 2825 ederetis.
275 2758 462 2845 Transigite
471 2778 548 2824 curn
556 2760 831 2843 expeditionibus:
853 2761 900 2825 im
943 2758 1114 2841 nitequin·

81 2844 243 2929 quaginta
267 2842 362 2905 annis
390 2862 548 2929 magnum
576 2844 682 2909 diem:
719 2847 889 2928 approbate
959 2842 1111 2927 ipublioe

80 2946 257 3008 nunquam
269 2928 427 2991 exercitui
441 2929 591 3012 imputari
603 2929 745 3011 potuisse
761 2940 818 2992 eut
830 2945 938 2992 moras
951 2926 1040 3007 belli,
1055 2934 1112 2991 ant

82 3029 202 3075 causas
222 3009 420 3075 rebellandi!
967 3059 971 3064 .

40 3111 44 3117 ·
127 3095 272 3160 XXXV.
294 3094 339 3157 Et
355 3096 540 3176 alloquente
555 3094 663 3159 adhuc
679 3094 840 3178 Agricoll,
856 3092 998 3158 militum
1016 3092 1112 3159 ardor

80 3179 254 3259 eminebat,
279 3188 311 3242 et
334 3179 435 3242 finem
454 3177 609 3241 orationis
629 3178 746 3264 ingens
768 3179 916 3243 alacritas
937 3187 1112 3245 consecuta

80 3275 139 3344 est,
155 3263 328 3346 statimque
341 3263 380 3327 ad
393 3282 484 3326 arma
496 3261 690 3327 discursum.
735 3264 908 3329 Instinctos
919 3273 1112 3350 ruentesque

81 3349 127 3413 ita
141 3348 309 3432 disposuit,
322 3356 360 3411 nt
377 3348 524 3430 peditum
543 3347 676 3427 auxilia,
697 3366 770 3430 que
792 3357 864 3414 octo
883 3349 988 3413 millia
1008 3356 1110 3428 erant,

80 3432 224 3497 mediam
247 3432 349 3496 aciem
374 3432 548 3512 firmarent,
572 3431 719 3515 equiturn
743 3433 804 3498 tria
830 3434 934 3500 millia
956 3434 1111 3498 coraibus

78 3516 345 3581 effunderentur:
368 3517 514 3602 legiones
529 3535 586 3599 pro
603 3518 691 3582 vallo
701 3520 825 3599 stetere,
838 3520 956 3604 ingena
967 3514 1110 3608 uictori-3

79 3600 184 3666 decus
199 3599 280 3665 citra
289 3600 476 3665 Romanum
489 3601 684 3685 sanguinem
698 3601 841 3679 bellanti,
852 3610 884 3664 et
899 3596 1070 3668 auxilium,
1080 3609 1110 3652 ⁸¹

77 3687 288 3771 pellerentur.
333 3686 566 3750 Britannorum
579 3685 675 3764 acies,
690 3684 725 3747 in
740 3683 882 3765 speciem
891 3675 990 3740 simul
1001 3689 1040 3733 ao
1050 3681 1111 3733 ter·
