2392 4050
102 231 171 299 274
444 232 482 298 0.
498 232 610 299 Coun.
626 230 765 299 Tscrrr

103 402 201 469 modo
215 400 338 468 laudati
352 419 476 484 sumus,
490 401 551 482 his,
577 421 661 486 quos
676 402 853 468 insectatus
867 409 916 465 est
935 404 1031 487 Aper,
1046 417 1129 468 tour·

103 505 277 572 paramus:
300 507 339 553 ee
353 507 395 551 ne
410 486 478 570 ipse
496 486 631 571 quidem
653 487 698 550 ite
719 488 829 566 sentit,
840 486 899 551 sed
914 505 1005 552 more
1019 489 1127 568 reteri,

102 584 135 637 et
156 574 238 636 eliis
260 576 375 637 vestris
395 572 522 654 philoso
545 572 596 635 liis
619 573 707 654 sept
731 572 903 652 celebrato,
929 573 1049 636 sumsit
1070 574 1127 636 sibi

103 656 347 722 contrudioendi
361 667 473 740 partes
573 675 684 739 prorue
700 656 804 735 nobis,
819 674 885 720 nou
908 656 1130 721 laudationem

102 743 329 838 antiquorum:
350 740 426 804 sotis
434 739 915 822 enimilloslemasuulnudet3
936 740 994 804 sed
1007 761 1131 821 cousus,

103 845 163 891 eur
177 845 210 889 ru
232 835 358 890 tuntum
378 825 419 888 ab
442 825 628 912 eloquentii
648 843 764 889 eorum
784 824 1035 909 recesserimus3
1059 828 1131 890 erim

102 909 279 1009 presertim
302 919 434 972 eentum
448 921 481 974 et
495 910 613 995 viginti
628 928 732 973 annos
756 910 797 972 ab
815 910 947 972 interitu
965 910 1130 975 Ciceronis

102 1013 136 1060 in
152 994 243 1072 huno
257 993 344 1057 dieru
357 992 442 1057 efflei
458 994 540 1058 ratio
551 1005 733 1076 temporum
747 993 923 1079 collegerit.

145 1078 257 1142 XXV.
280 1077 373 1141 Tum
399 1078 555 1146 Messala:
577 1077 703 1161 Sequar
726 1097 748 1141 n
770 1088 802 1141 te
826 1079 1049 1161 prescriptam
1071 1078 1130 1141 lor·

102 1179 201 1244 mem,
227 1163 385 1227 Materne.
436 1163 550 1247 Neque
573 1164 664 1226 euim
682 1162 739 1226 diu
764 1162 1057 1226 oonundioeudum
1084 1171 1130 1225 est

103 1249 202 1331 Apro,
228 1247 286 1330 qui
314 1247 463 1328 primirru,
491 1258 530 1311 ut
553 1247 679 1330 opinor,
709 1247 851 1310 nominis
876 1247 1131 1310 controversiam

102 1334 214 1410 movit,
230 1342 384 1413 tanquam
399 1351 514 1416 purum
535 1331 664 1414 proprii
683 1331 810 1413 antiqui
829 1343 1036 1410 vocarentur,
1051 1347 1130 1414 quos

101 1416 177 1479 sutis
191 1424 316 1479 constet
330 1424 405 1479 ente
427 1427 560 1482 eentum
580 1433 685 1479 anuos
706 1414 815 1478 fuisse.
860 1413 943 1478 Mihi
967 1426 1078 1480 eutem
1091 1415 1130 1479 de

102 1500 262 1563 vocabulo
273 1517 387 1583 pugne
398 1519 463 1564 uon
476 1512 542 1564 est:
565 1500 636 1563 sive
647 1500 721 1564 illos
732 1499 891 1582 antiquos,
902 1499 974 1564 sire
984 1500 1130 1581 majores,

101 1583 171 1649 sive
185 1603 251 1667 quo
265 1583 331 1647 elio
346 1585 471 1649 mavult
481 1583 624 1663 nomine,
636 1583 791 1667 appellet:
813 1584 994 1647 dummodo
1006 1585 1043 1647 in
1057 1603 1131 1647 oon·

103 1668 188 1734 lesse
209 1669 259 1747 sit,
283 1667 530 1733 eminentiorem
552 1670 686 1733 illorum
707 1678 889 1750 temporum
911 1669 1131 1751 eloquentium

102 1754 212 1818 lirisse.
256 1749 307 1817 Ne
321 1752 370 1816 illi
382 1753 517 1836 quidem
536 1753 798 1835 ptrtisermouis
812 1752 884 1834 ejus
905 1771 1055 1836 repugno
1074 1753 1128 1832 sic,

102 1838 170 1921 quo
184 1837 290 1901 minin
305 1836 412 1918 fateor,
428 1839 536 1921 plnres
551 1837 671 1902 formas
690 1830 819 1900 dicendi
834 1836 930 1901 etiem
945 1830 1063 1901 iisdem
1075 1857 1130 1900 sre-

103 1923 196 2003 culis,
209 1922 331 1986 nedum
344 1921 488 2002 diversis,
503 1922 654 1987 extitisse.
698 1920 773 1999 sed,
787 1921 965 2004 quomodo
980 1922 1066 1985 inter
1075 1924 1131 1986 At·

102 2007 184 2072 ticos
198 2018 338 2072 oratores
352 2007 466 2091 primoe
489 2006 701 2072 Demostheni
724 2005 920 2087 tribuuntur,
940 2006 1130 2090 proximum

102 2103 211 2159 eutem
225 2092 336 2156 locum
350 2092 525 2156 AEselriues
539 2107 571 2154 et
585 2090 766 2176 Hyperides
780 2100 812 2153 et
826 2092 943 2175 Lysias
957 2101 990 2154 et
1002 2092 1131 2174 Lyeur-
1187 2100 1188 2121 ¹

101 2195 165 2262 gus
191 2175 348 2255 obtinent,
370 2178 520 2241 omnium
548 2187 658 2242 sumtu
685 2194 846 2240 consensu
870 2176 941 2240 hoee
964 2187 1130 2243 oratorum
1186 2202 1187 2239 r

102 2271 178 2325 etas
192 2260 334 2325 maxime
349 2262 521 2345 usnemu
544 2262 592 2326 sio
605 2260 692 2344 apud
704 2280 764 2324 uos
779 2260 895 2325 Cicero
904 2258 1040 2343 quidem
1050 2271 1131 2325 ceto
1185 2306 1186 2357 ,

103 2363 157 2408 ros
171 2345 349 2411 eorundem
363 2354 546 2428 temporum
568 2347 704 2415 disertos
726 2346 903 2426 antecessit,
926 2346 1050 2410 Calvus
1075 2364 1130 2409 su·

102 2439 168 2496 tem
181 2440 213 2494 et
227 2430 361 2495 Asinius
375 2440 408 2495 et
423 2433 531 2495 Onsur
543 2441 577 2495 et
590 2428 716 2495 Ooelius
737 2439 770 2492 et
784 2430 909 2495 Brutus
929 2448 991 2493 sno
1008 2427 1085 2509 juro
1097 2440 1129 2494 ot
1184 2410 1185 2475 i

102 2515 272 2596 prioribus,
285 2526 318 2579 et
331 2517 549 2598 sequentibus,
564 2525 822 2598 anteponunturz
845 2533 906 2578 neo
920 2513 1026 2593 refert,
1041 2514 1129 2598 quud
1183 2520 1184 2593 l

102 2598 186 2663 inter
197 2618 232 2662 se
243 2602 350 2682 specie
360 2600 519 2680 different,
534 2606 609 2665 curn
623 2618 741 2698 gruere
754 2598 968 2664 consentient.
1009 2600 1129 2664 Asine·

101 2680 164 2746 tior
175 2684 307 2763 calvus,
323 2679 526 2748 numerosior
540 2685 684 2764 Asinius,
700 2683 899 2768 splendidior
910 2685 1029 2761 cusu,
1042 2702 1129 2748 emo·

101 2765 168 2830 rior
190 2767 324 2846 Coelius,
341 2769 472 2853 gravior
495 2771 627 2850 Brutus,
648 2769 872 2834 veliementior
894 2779 927 2832 st
948 2768 1076 2850 plenior
1095 2779 1128 2833 st

100 2852 261 2916 valentior
284 2853 416 2935 Giee103
440 2872 553 2919 omnes
578 2865 687 2918 temen
710 2852 847 2918 eundem
872 2854 1042 2918 sanitatem
1063 2854 1127 2916 elo-

100 2938 242 3022 quentiae
258 2935 383 3002 lerunt:
403 2947 452 3018 ut,
464 2939 492 3003 si
508 2939 658 3004 omnium
676 2939 797 3021 puriter
812 2938 910 3002 libros
933 2935 968 3000 in
992 2954 1126 3002 menum

100 3023 264 3103 sumseris,
279 3024 372 3105 scies,
386 3023 536 3107 quumvis
550 3024 584 3088 iu
604 3023 740 3087 dirersis
763 3022 913 3109 ingeniis,
936 3040 1006 3086 esse
1026 3038 1126 3106 quur·

101 3106 178 3170 dnm
188 3108 305 3188 judieii
320 3128 359 3173 so
377 3109 555 3173 voluntatis
578 3107 824 3172 similitudinem
843 3117 875 3170 et
890 3106 1124 3193 cognationum
1178 3112 1179 3185 l

102 3190 198 3277 Nem,
212 3193 300 3288 quod
325 3194 468 3258 invicem
482 3210 517 3256 se
539 3194 808 3275 obtrectaverunt,
823 3193 870 3278 (et
881 3202 1059 3276 supersunt
1072 3191 1125 3255 oli-
1177 3216 1178 3303 p

100 3290 166 3422 3⁰³
179 3278 324 3358 epistolis
337 3296 451 3342 eornm
464 3276 594 3358 inserte,
608 3278 789 3362 ex-qnibus
810 3284 926 3341 mulne
939 3276 1124 3363 malignius

70 3402 75 3425 r
123 3360 362 3443 etegitur,)non
373 3372 422 3423 est
432 3373 598 3426 oratorum
609 3363 736 3441 vitium,
746 3360 804 3427 sed
815 3361 997 3427 homiuum.
1042 3361 1124 3426 Nur

99 3450 132 3509 et
147 3443 288 3505 Calvum
301 3453 335 3505 et
348 3444 501 3508 Asinium
523 3456 555 3508 et
569 3444 679 3528 ipsum
700 3445 891 3511 Oioeronern
905 3445 1002 3510 oredo
1015 3442 1124 3509 solitos

98 3534 131 3585 et
144 3524 290 3589 inridere
302 3536 336 3589 et
349 3525 458 3605 livere,
472 3540 505 3593 et
518 3530 633 3592 ceteris
654 3529 810 3594 hunrtnae
824 3526 1024 3595 infirmitatis
1037 3529 1122 3593 vitii·

98 3605 203 3669 efflei:
224 3608 333 3671 solum
345 3608 430 3671 inter
443 3610 503 3673 hos
517 3613 651 3677 arsinoi
676 3613 816 3678 Brutum
831 3632 897 3678 non
913 3613 1121 3701 malignitati,

99 3698 160 3749 nee
181 3688 316 3771 invidit,
331 3691 387 3753 sed
407 3691 598 3777 simpliciter
615 3705 648 3760 et
662 3697 814 3784 inmune,
836 3697 1000 3781 juniorum
1021 3698 1123 3766 tuiui
