2392 4050
116 198 160 265 88
459 200 496 265 G.
513 200 623 280 Oeace.
641 200 777 267 Taeter
942 200 996 288 [Α.
1009 201 1049 267 U.
1063 199 1126 264 822.

116 374 280 453 contusus,
294 373 450 458 pravitate
464 373 516 438 rel
540 372 674 453 ambitu,
696 372 775 438 ordo
794 372 925 440 militie.
969 372 1127 439 sexdecim
1179 414 1180 453 ;

115 460 288 540 Pretoriae,
317 468 455 540 quatuor
483 456 618 523 urbane:
646 459 796 523 cobortes
819 461 1048 539 scribebantur,
1067 459 1128 543 quie
1178 486 1180 513 :

115 546 246 633 singula
260 545 530 610 milliainessent.
574 545 655 608 Plus
670 544 704 607 in
719 565 759 607 eo
770 544 900 609 delectu
915 545 1036 609 Valens
1045 544 1129 609 aude
1178 548 1180 551 ’

101 632 179 708 bat,
204 642 360 714 tanquam
385 630 494 714 ipsum
515 628 679 694 Oaeainam
694 630 838 715 pericula
851 632 1040 695 exemisset:
1059 631 1127 695 sani

115 716 257 783 adventu
272 713 342 797 ejus
351 725 457 800 partes
471 716 714 795 oonralnerant,
729 725 761 780 et
775 715 941 781 sinistrum
955 717 1034 780 lenti
1048 717 1128 780 itine-

116 803 161 866 ris
175 820 337 867 maiorem
350 819 501 886 prospero
544 801 633 865 relic
647 811 804 866 verterat:
827 803 997 886 omnisque
1014 801 1129 866 inferio

115 890 159 952 ris
174 886 358 952 Germanice
368 886 461 951 miles
472 824 642 952 vadentem
653 888 887 951 annectebatur:
903 887 992 952 unde
1002 887 1130 971 primirm

115 973 256 1039 ereditur
271 972 411 1037 Gecinm
426 971 507 1037 fides
519 972 671 1037 dulcasse

158 1057 279 1124 XCIV.
302 1056 451 1125 Ceterum
464 1077 532 1123 non
547 1058 591 1121 ita
607 1056 756 1122 Ducibus
770 1057 907 1122 indulsit
921 1056 1077 1135 Vitellius,
1096 1066 1129 1120 ut

114 1161 182 1209 non
208 1145 283 1229 plus
298 1142 392 1207 militi
407 1143 540 1209 liceret:
560 1142 623 1208 sibi
644 1142 782 1226 quisque
802 1143 953 1208 militiam
974 1143 1130 1224 sumsere:

113 1228 263 1313 quemvis
285 1227 448 1315 indignus,
471 1229 499 1292 si
522 1228 567 1293 ita
579 1228 748 1310 maluerat,
763 1229 894 1294 urbane
909 1228 1032 1293 militie
1045 1229 1132 1292 ascri·

116 1315 269 1383 bebatur:
304 1332 417 1379 rursus
442 1313 536 1379 bonis
564 1332 730 1379 remanere
753 1314 836 1379 inter
861 1313 1055 1399 legionarios
1082 1322 1133 1378 aut
1173 1332 1175 1343 ·

113 1401 217 1466 alares
239 1399 431 1480 volentibus,
455 1399 669 1483 permissum:
691 1417 753 1464 nec
774 1400 914 1480 deerant,
935 1399 994 1483 qui
1007 1400 1131 1480 vellent,

113 1484 187 1551 fessi
208 1484 326 1551 morbis
341 1494 373 1549 et
387 1485 611 1568 intemperiem
623 1485 699 1553 emli
714 1485 909 1557 incusantes.
952 1484 1081 1550 Robore
1094 1496 1134 1548 te

113 1590 189 1641 meu
204 1571 385 1658 legionibus
400 1570 524 1655 alisque
539 1573 720 1635 subtracta:
742 1574 938 1636 convulsum
960 1582 1132 1635 castrorum

113 1657 222 1738 decus,
238 1656 353 1744 viginti
372 1655 526 1737 millibus,
536 1668 568 1720 'e
588 1666 654 1720 toto
675 1657 829 1736 exercitu,
848 1655 1016 1740 permixtis
1038 1655 1133 1742 magis

113 1745 212 1828 quim
225 1744 344 1809 electis.
389 1740 612 1807 concionante
627 1741 758 1806 Vitellio
772 1743 977 1825 postulentur
993 1740 1051 1805 ‘ad
1065 1761 1133 1826 sup

113 1830 249 1917 plinium
257 1825 812 1908 AsiaticusetFlaviusetRufinus,
822 1827 932 1892 Duces
943 1828 1132 1906 Galliarum,

21 1934 26 1943 ·
113 1916 201 2001 qudd
225 1934 283 1999 pro
306 1913 443 1979 Vindice
467 1913 658 1979 bellassent!
701 1912 770 1978 Nee
792 1913 958 1978 coercebat
979 1911 1133 1994 ejusmodi

113 2022 211 2072 voces
232 2000 401 2082 Vitellius3
434 2018 532 2083 super
558 1998 689 2065 insitam
713 1998 808 2064 inerti
831 1997 940 2065 animo
963 1999 1133 2085 ignaviam,

114 2088 273 2169 conscius,
285 2086 348 2151 sibi
362 2086 481 2150 instare
496 2084 687 2150 donativum
699 2095 733 2149 et
750 2085 860 2149 deesse
873 2087 1061 2168 pecuniam,
1075 2105 1134 2150 om

112 2175 170 2238 nia
184 2174 249 2238 elia
273 2171 368 2237 militi
383 2169 588 2267 largiebatur.
632 2170 753 2236 Liberti
768 2170 960 2253 Principum
975 2169 1133 2237 ‘conferre

112 2278 172 2344 pre
186 2275 323 2322 numero
338 2254 592 2340 rurencrpiorum,5
607 2265 645 2320 ut
658 2256 823 2336 tributum,
835 2255 928 2337 jussi.
970 2256 1056 2339 Ipse,
1072 2255 1133 2321 soli

112 2342 267 2429 perdendi
282 2342 371 2423 euri,
386 2342 513 2407 stabula
526 2342 598 2406 suri
624 2341 650 2405 ‘s
672 2351 857 2408 exstruere:
879 2341 1003 2406 circum
1016 2342 1135 2428 gladia·

112 2444 222 2495 torum
235 2427 439 2513 ferarumque
452 2361 646 2511 epecncuiis
660 2429 808 2512 opplere:
829 2437 984 2511 tanquam
1000 2427 1036 2493 in
1051 2447 1133 2494 sum

113 2517 168 2583 mi
182 2512 389 2595 abundantia,
403 2513 549 2596 pecunie
563 2513 710 2579 illudere.

117 2643 121 2648 ,
156 2602 260 2668 XCV.
282 2601 376 2672 Quin
387 2611 418 2665 et
429 2600 571 2665 natalem
581 2599 703 2665 Vitellii
714 2597 803 2663 diem
813 2597 946 2665 Cecine
956 2619 996 2664 ac
1007 2599 1132 2678 Valens,

112 2686 206 2754 editis
220 2685 286 2751 tort
300 2687 379 2751 urbe
393 2685 525 2750 vicatim
537 2684 769 2784 gladiatoribus
780 2685 997 2751 celebravere:
1012 2684 1132 2772 ingenti

112 2783 225 2857 paratu
250 2780 282 2835 at
298 2782 374 2838 ante
396 2771 493 2836 illum
517 2771 604 2836 diem
628 2770 767 2836 insolito.
810 2771 940 2836 Laetum
958 2770 1133 2836 foedissimo

113 2859 240 2942 cuique,
255 2856 342 2940 apud
353 2858 454 2921 bonos
465 2855 598 2923 invidim
614 2855 685 2938 fuit,
695 2854 782 2940 qudd
793 2857 964 2922 exstructis
975 2855 1011 2920 in
1023 2876 1135 2941 eampo

112 2943 231 3010 Martie
245 2942 319 3030 aris,
344 2942 475 3008 inleries
496 2942 620 3009 Neroni
643 2941 788 3007 fecisset:
810 2959 902 3008 caeae
925 2941 1059 3027 publice
1074 2944 1134 3007 vio
1175 2937 1176 3006 l

112 3029 200 3094 timae
225 3038 456 3113 ersmataeque:
479 3028 584 3093 facem
608 3029 804 3113 Augustales
828 3027 1021 3094 subdidere:
1050 3026 1132 3112 quod
1175 3013 1176 3044 ¹

112 3115 336 3198 secerdotium,
350 3125 388 3179 ut
402 3115 563 3181 Romulus
578 3113 677 3178 'I'atio
692 3112 784 3199 Regi,
799 3111 845 3177 ita
857 3114 967 3180 Cesar
982 3113 1132 3179 Tiberius
1175 3117 1176 3195 l

113 3202 208 3268 Julira
222 3201 472 3287 gantiaacravit.
516 3199 673 3266 Nondum
682 3211 816 3283 quartus
829 3199 994 3265 arietaria
1006 3199 1131 3279 mensis,
1175 3200 1176 3282 l

62 3307 65 3314 ’
111 3297 145 3352 et
157 3286 290 3352 libertus
306 3284 435 3365 Vitellii,
450 3284 621 3366 Asiaticus,
638 3284 830 3369 Polycletus,
851 3285 1018 3350 Patrobios
1039 3295 1072 3348 et
1085 3304 1133 3348 ve
1175 3287 1176 3292 ’

48 3385 51 3392 “
112 3382 181 3436 tera
194 3370 343 3437 odiorum
356 3371 489 3435 nonnus
499 3368 658 3453 aeqnabet.
702 3369 806 3435 Nemo
821 3369 856 3434 in
872 3371 930 3436 itit
944 3369 1133 3455 eulaprobi·

112 3466 177 3520 tate
191 3465 248 3520 ant
261 3456 420 3520 industrii
433 3456 586 3519 certavit:
609 3475 714 3521 unum
735 3454 775 3519 ad
791 3458 969 3540 potentiam
982 3458 1052 3534 iter,
1067 3474 1132 3540 pre

112 3540 197 3624 digis
207 3540 311 3624 epulis
325 3550 358 3602 et
370 3549 480 3603 sumtu
489 3539 655 3624 ganeique
665 3541 781 3605 satiare
793 3541 1005 3626 inexplebiles
1015 3540 1131 3606 Vitellii

113 3624 272 3689 libidines.
316 3625 389 3706 Ipse
411 3623 540 3689 abunde
561 3637 659 3704 retus,
685 3625 714 3689 si
735 3628 944 3708 presentibus
965 3628 1131 3703 frueretur,

113 3725 174 3773 nee
188 3707 223 3773 in
239 3707 369 3796 longius
383 3708 579 3792 consultans,
593 3709 709 3775 novies
723 3711 842 3777 millies
855 3713 1046 3796 sestertium,
1060 3730 1133 3799 peu·
