2392 4050
119 198 186 268 sm
496 197 662 269 &Gonu
678 197 819 268 Trerus

120 370 230 456 tilque
245 369 405 459 Agricoloe
415 370 617 437 leniebatur:
638 371 800 454 quianon
812 370 1031 453 contumacis,
1044 388 1131 452 neque

119 455 210 522 inani
228 454 404 537 jactatione
427 456 592 533 libertatis,
616 456 737 520 famam
751 457 920 539 fatumque
944 455 1131 539 provocabat

120 541 243 622 Sciant,
256 542 376 623 quibus
391 540 489 605 moris
504 539 621 604 illicita
634 540 755 627 mirari,
776 559 870 623 posse
884 540 986 604 etiam
1009 542 1069 605 sub
1080 558 1132 604 ma

120 625 162 690 lis
177 625 382 708 Principibus
396 642 531 710 magnos
546 626 633 687 viros
647 634 736 688 esse:
759 625 1018 707 obsequiumque
1031 646 1068 690 ac
1080 643 1132 686 mo

119 710 266 790 destiam,
288 710 316 773 si
331 708 490 774 industria
504 728 542 773 ac
558 709 650 795 vigor
666 709 783 788 adsInt,
805 709 844 772 eb
860 708 968 774 laudis
985 709 1132 789 excedere,

119 796 186 880 qub
196 794 340 893 plerique
352 810 409 878 per
418 792 678 877 abrupta,sedin
688 794 821 858 unllam
830 792 1034 877 Reipublicae
1043 812 1133 873 usum,

120 879 288 945 ambitiosi
301 889 402 945 morte
416 879 649 943 inclaruerunt.
700 900 703 903 ·
897 936 901 942 ,
965 906 970 909 ·

163 962 290 1030 XLIII.
312 962 407 1028 Finis
422 963 496 1027 vitoe
511 960 583 1042 ejus
595 961 688 1026 nobis
701 961 889 1041 luctuosus,
907 960 1134 1042 femiminam,

119 1047 282 1113 extraneis
296 1047 396 1111 etiam
418 1047 603 1133 ignotisque
623 1065 689 1109 non
713 1047 784 1109 sino
803 1046 975 1112 cordidit.
1021 1049 1134 1130 torpa

118 1151 258 1217 quoquc,
272 1140 305 1196 et
319 1131 374 1196 hic
389 1130 481 1195 aliud
495 1150 595 1229 agens
611 1130 761 1213 populus,
776 1142 807 1194 et
822 1132 1027 1197 ventitavere
1040 1131 1078 1195 ad
1090 1130 1136 1193 do

119 1236 221 1299 mum,
242 1228 274 1281 et
289 1236 346 1301 per
367 1216 437 1280 sora
449 1224 482 1279 ct
494 1216 636 1279 circulos
654 1213 756 1277 locuti
770 1224 868 1278 sunt:
890 1236 953 1280 nec
965 1217 1134 1300 quisquan,

120 1300 230 1366 auditi
245 1311 347 1364 morte
358 1300 530 1384 Agricolae,
546 1300 743 1363 autlaetatus
753 1308 810 1379 est,
825 1310 882 1363 aut
896 1302 1009 1364 statim
1019 1300 1134 1364 oblitus

119 1384 269 1467 Augebat
287 1384 527 1447 miserationem
549 1392 702 1447 constans
727 1398 848 1463 rumor,
878 1391 1030 1448 ‘ueneno
1054 1384 1136 1446 iuter-

119 1468 267 1551 ceptum.’
312 1466 415 1533 Nobis
425 1467 510 1530 nllril
521 1466 677 1549 comperti
687 1467 848 1530 affirmare
859 1469 985 1532 ausim:
1008 1467 1133 1532 ceterim

77 1600 80 1604 .
121 1570 331 1636 peromnem
352 1550 574 1615 valetudinem
596 1550 677 1631 ejus,
699 1551 840 1614 crebrius
862 1559 964 1634 quarn
989 1571 1034 1616 ex
1058 1566 1135 1614 mota

121 1636 334 1721 Principatlrs,
355 1654 412 1720 per
426 1636 559 1699 nuntios
573 1634 716 1713 visentis,
738 1643 770 1698 et
784 1636 975 1699 libertorum
987 1636 1091 1731 primi,
1109 1641 1136 1695 u

120 1719 322 1789 medicorum
336 1719 442 1784 Intimi
453 1719 589 1782 venere:
613 1719 683 1781 sive
698 1736 778 1782 cura
792 1718 885 1800 illud,
898 1720 970 1783 sive
984 1718 1135 1803 unquisilt'u

119 1817 197 1870 erat
241 1806 402 1890 Supremo
415 1802 549 1886 quidem
561 1804 624 1882 die,
640 1812 805 1866 momenta
818 1803 1001 1868 deficientis
1016 1823 1070 1887 per
1080 1802 1134 1865 dis·

121 1890 240 1973 positos
265 1906 413 1954 cursores
435 1888 585 1951 nuntiata
608 1885 785 1966 constabat,
807 1888 902 1952 nullo
919 1888 1078 1967 credente,
1095 1885 1135 1949 sic

81 2035 85 2044 .
121 1974 303 2054 accelerari,
324 1993 398 2057 quae
424 1971 522 2036 tristis
545 1971 680 2037 audiret.
726 1972 876 2055 SpecIem
897 1983 1007 2037 tamen
1030 1971 1136 2036 doloris

121 2060 231 2125 animo
245 2060 406 2141 vultuque
420 2075 486 2140 prae
500 2076 536 2121 se
550 2057 634 2136 tulit,
656 2075 792 2120 securus
811 2057 881 2136 jam
894 2058 970 2137 odii,
985 2067 1019 2120 et
1031 2057 1085 2139 qui
1097 2055 1135 2117 fa

121 2141 215 2205 cilius
237 2141 455 2205 dissImularet
479 2141 647 2228 gaudium,
668 2141 767 2223 quim
790 2151 923 2205 metum.
966 2143 1052 2206 Satis
1070 2159 1135 2204 oon·

120 2227 231 2305 stabat,
245 2228 328 2290 lecto
339 2235 530 2290 testamento
542 2226 715 2310 Agricolae,
729 2245 796 2307 quo
807 2226 1010 2289 cohaeredem
1018 2224 1135 2308 optima

121 2308 217 2374 uxori
240 2320 273 2373 et
299 2309 452 2393 piissImae
481 2308 559 2373 filiae
590 2308 818 2372 Domitianum
845 2310 981 2392 scripsit,
1005 2311 1135 2373 lotatum

121 2414 208 2474 eum,
230 2397 321 2459 velut
344 2396 467 2457 honore
496 2392 705 2475 judicioque:
738 2402 806 2457 tam
829 2414 917 2457 csca
941 2406 973 2457 et
997 2401 1136 2473 corrupta

121 2498 214 2543 mens
228 2479 367 2544 assiduis
382 2478 623 2541 adulationibus
643 2486 721 2557 erat,
744 2488 781 2542 ut
795 2478 943 2558 nesciret,
962 2479 1077 2542 abono
1090 2495 1136 2560 pa

120 2573 169 2625 tre
185 2582 250 2627 non
266 2563 363 2628 scribi
375 2563 544 2641 haeredem,
559 2561 624 2625 nisi
640 2563 763 2625 malum
779 2561 974 2645 Principem.

165 2647 284 2711 XLIV.
308 2648 411 2711 Natus
426 2657 495 2709 erat
508 2647 669 2732 Angcola,
685 2646 766 2709 Ouio
781 2647 909 2711 Oaesare
920 2648 1047 2711 tertilrm
1060 2644 1136 2707 tlon·
1177 2707 1178 2710 ,

120 2730 201 2807 sule,
224 2729 337 2793 Idibus
350 2730 476 2793 Juniis:
498 2732 636 2794 excessit
650 2740 787 2794 sextoet
801 2731 1070 2816 quinquagesImo
1086 2746 1135 2790 an
1178 2748 1179 2751 ¹

120 2831 174 2893 no,
189 2812 316 2879 decimo
330 2813 498 2880 Kalendas
507 2815 710 2898 Septembris,
726 2815 863 2898 Collegi
874 2815 1048 2898 Priscoque
1057 2813 1135 2875 Gon·

121 2899 258 2964 sulibus.
303 2898 446 2970 Quodsi
465 2899 613 2962 habitum
632 2917 762 2979 quoque
783 2897 854 2977 ejus
875 2902 991 2981 posteri
1014 2913 1133 2962 noscero

121 2986 242 3049 velint:
263 2983 429 3047 decentior
454 2984 552 3065 quim
574 2983 744 3046 sublimior
769 2980 955 3046 srrltt'nilril
980 2982 1079 3046 metus
1103 2979 1133 3041 in

120 3071 238 3133 vultu:
259 3069 364 3153 gratia
387 3068 451 3131 oris
476 3077 659 3149 supererat:
681 3066 804 3129 bonum
829 3066 939 3130 virum
963 3066 1056 3131 facili
1076 3082 1133 3128 erc·

69 3175 74 3180 ·
121 3152 224 3232 deres,
252 3172 411 3237 magnum
436 3151 580 3215 libenter.
633 3150 679 3212 Et
703 3150 771 3232 ipse
794 3150 937 3232 quidem,
958 3165 1133 3234 quanquam

121 3236 228 3300 medio
242 3236 277 3299 in
291 3237 393 3319 spatio
415 3236 549 3319 integrae
570 3234 671 3299 artatis
686 3242 824 3317 ereptus,
845 3247 1006 3318 quantum
1022 3235 1060 3298 ad
1075 3233 1134 3318 glo

121 3319 214 3397 riam,
231 3321 460 3403 longissimum
475 3338 581 3383 aevum
593 3317 725 3403 peregit.
770 3318 904 3401 Quippe
918 3332 950 3384 et
960 3340 1037 3382 vera
1050 3320 1132 3392 bons,

120 3421 194 3483 quar
209 3402 244 3464 in
268 3403 445 3474 virtutibus¹
467 3404 528 3465 sita
547 3412 634 3482 sunt,
656 3403 856 3485 impleverat,
877 3414 911 3467 et
924 3402 1133 3468 consularibus

120 3504 159 3546 ac
173 3484 425 3564 triumphalibus
437 3486 635 3548 ornamentis
647 3486 791 3567 praedito,
804 3487 883 3569 quid
899 3488 990 3552 aliud
1003 3497 1130 3551 astruere

119 3564 250 3627 fortuna
264 3566 409 3645 poterat?
447 3568 572 3648 Opibus
584 3569 694 3632 nimiis
706 3589 773 3634 non
787 3570 968 3655 gaudebam
990 3571 1129 3656 speciosa

119 3647 329 3729 contigerant.
374 3647 461 3712 Filii
481 3659 577 3731 atque
602 3670 705 3716 uxore
727 3655 963 3737 superstitibus,
984 3651 1132 3739 potestn-
