2392 4050
60 204 92 272 A.
105 206 136 271 Ο.
150 204 209 293 69.]
321 207 472 274 Hrsroa.
487 156 567 277 lan
582 209 761 276 Tanarus.
986 210 1048 277 10⁹

58 378 223 463 Sempronio
236 391 268 444 et
281 380 432 446 Cornelio
454 382 661 463 Consulibus,
683 385 856 470 ingruente
870 382 905 448 in
920 383 1049 450 ltaliam
1076 412 1079 417 <

57 464 224 546 Hannibale,
236 468 517 552 propugnaculum
529 467 680 535 adversus
692 472 814 552 Gallos,
826 468 1050 536 trausPadum

56 561 172 636 agentes,
193 563 224 616 et
237 552 265 615 si
278 574 343 637 qna
364 553 430 617 alia
443 551 494 617 ris
517 572 571 636 per
593 557 691 639 Alpes
705 567 821 621 rueret.
864 555 970 641 Igitur
988 572 1051 619 nu·

55 655 126 700 nero
136 638 329 719 colonorum,
343 639 579 721 opportunitate
588 640 771 720 fluminum,
786 643 885 706 ubere
898 640 979 727 agri,
993 659 1050 704 an-

54 738 126 785 nexu
152 723 382 807 connubiisque
404 725 559 810 gentium,
587 725 728 792 adolevit
749 727 931 810 floruitque,
954 727 1049 790 bellis

53 808 171 872 externis
182 808 318 892 intacta3
335 810 486 874 civilibus
501 811 626 876 infelix.
670 814 841 892 Antonius,
856 812 980 895 pudore
993 811 1050 876 fla·

51 891 115 975 gitii,
135 895 349 959 crebrescente
362 894 495 974 insidii,
518 895 629 978 edixit,
653 899 795 983 ‘nequis
814 900 1049 963 Cremonenses

51 978 174 1061 captivos
194 980 349 1045 detineret
361 982 378 1044 :'
399 981 585 1064 irritamque
605 984 746 1065 praedam
766 983 924 1047 militibus
938 982 1050 1048 effece-

51 1074 268 1128 ratconsensns
286 1066 397 1145 Italiae,
419 1067 593 1131 emtionem
612 1069 730 1134 talium
748 1068 984 1153 mancipiorum
998 1088 1048 1133 as·

48 1151 200 1231 peirantis.
246 1151 361 1224 Occidi
383 1152 525 1234 crepere:
547 1153 635 1236 quod
649 1155 705 1218 ubi
719 1155 852 1234 enotuit,
873 1177 894 1219 a
917 1154 1047 1238 propin·

49 1234 108 1316 quis
121 1238 330 1320 affinibusque
341 1239 467 1302 occulte
480 1237 756 1304 redemtabantur:
776 1260 853 1304 mox
867 1238 962 1304 rediit
973 1242 1051 1304 Ora-

48 1337 160 1385 monam
180 1325 326 1407 reliquus
345 1324 504 1406 populus:
527 1325 665 1408 reposita
686 1325 755 1390 sora
778 1326 958 1408 templaque
978 1345 1049 1390 mu·

47 1405 191 1472 nificentid
204 1408 431 1492 municipum:
454 1421 486 1473 et
501 1410 717 1492 Vespasianus
732 1411 927 1476 hortabatur.

81 1493 214 1558 XXXV.
238 1495 388 1558 Ceterum
402 1495 540 1559 assidere
555 1499 691 1581 sepultae
705 1497 794 1562 urbis
809 1494 923 1577 ruinis,
948 1497 1053 1561 noxis

46 1577 105 1643 tabo
118 1578 342 1643 hamusnaud
356 1577 412 1644 diu
428 1581 589 1663 permisit3
614 1582 655 1646 ad
676 1584 807 1647 tertium
820 1581 960 1665 lapidem
975 1602 1049 1666 pro-

44 1665 136 1747 gressi,
150 1685 251 1751 rogas
266 1678 481 1749 paventesque
498 1667 695 1749 Vitellianos,
709 1687 771 1732 sua
782 1687 944 1750 quemque
957 1666 1046 1751 apud

44 1746 129 1833 signa,
144 1760 351 1835 componunt.
395 1752 439 1815 Et
449 1753 541 1816 victae
556 1752 714 1838 legiones,
724 1770 766 1833 ne
775 1761 925 1816 manente
940 1751 1048 1818 adhuc

45 1833 119 1899 cirili
133 1837 225 1917 bello,
243 1836 393 1921 ambigui
404 1848 544 1923 agerent,
560 1858 618 1920 per
630 1839 800 1921 Illyricum
810 1836 971 1921 dispersae.
1008 1838 1050 1903 lu

45 1915 230 1986 Britanniam
245 1920 320 1986 inde
334 1932 365 1985 et
376 1923 550 2005 Hispanias
565 1924 697 1987 nuntios
711 1922 903 2005 fimumque,
920 1922 955 1985 in
970 1923 1049 1987 Gal·

44 2002 109 2070 liam
122 2008 251 2074 lulium
266 2007 434 2089 Calenum,
451 2008 661 2075 Tribunum:
684 2008 719 2073 in
733 2008 945 2073 Germaniam
961 2008 1050 2092 Alpi·

44 2105 118 2156 num
134 2095 340 2174 Montanum,
363 2094 557 2160 Praefectum
579 2095 720 2159 cohortis
743 2093 830 2180 qubd
853 2094 906 2158 hic
930 2093 1048 2160 Treuir

44 2174 169 2245 Galenus
192 2178 333 2259 AEduus,
354 2191 488 2262 uterque
503 2181 667 2245 Vitelliani
682 2181 816 2262 fuerant,
838 2179 976 2245 ostentui
990 2180 1050 2246 mi·

42 2262 109 2327 sere.
149 2266 258 2329 Simul
284 2265 437 2328 transitus
459 2267 593 2348 Alpium
615 2266 768 2348 praesidiis
789 2264 957 2350 occupati:
979 2283 1049 2331 sus·

41 2349 120 2428 pecta
141 2350 330 2431 Germania,
351 2360 504 2435 tanquam
524 2351 560 2415 iu
581 2353 743 2418 auxilium
757 2349 880 2416 Vitellii
901 2349 1049 2439 accinge·

39 2444 124 2498 retur.

75 2521 227 2588 XXXVI.
251 2523 295 2586 At
309 2520 468 2601 Vitellius,
486 2521 628 2605 profecto
644 2522 784 2601 Gaecind,
807 2526 882 2586 curn
903 2516 1045 2590 Fabium

38 2597 202 2685 Valentem,
220 2608 332 2691 paucis
343 2608 414 2690 pbst
426 2606 548 2686 diebus,
562 2608 604 2672 ad
619 2610 741 2673 bellurn
757 2607 942 2692 impulisset,
959 2607 1048 2671 curis

39 2683 144 2757 laxum
157 2692 369 2758 obtendebat:
391 2711 456 2756 non
473 2712 584 2776 parare
599 2714 696 2774 arma,
720 2713 786 2757 non
801 2691 944 2776 alloquio
957 2711 1047 2757 exer·

39 2773 85 2842 citi
125 2798 166 2843 ue
191 2777 328 2842 militem
351 2778 488 2855 firmare,
513 2799 579 2843 non
607 2779 642 2844 in
668 2797 722 2843 ore
741 2779 833 2865 vulgi
857 2797 968 2864 agere:
990 2777 1047 2848 sed

40 2798 227 3013 ιιωξὲοιιὶίε
242 2864 409 2927 hortorum
421 2861 556 2944 abditus,
571 2875 609 2928 ut
621 2864 742 2951 ignava
753 2864 914 2944 animalia,
928 2861 1048 2945 quibus

39 2944 63 3006 si
75 2947 102 3011 ci
148 2969 181 3013 m
192 2968 357 3035 suggeras,
370 2947 478 3029 jacent
489 2958 686 3034 torpentqne,
702 2949 871 3033 praeterita,
886 2949 1046 3029 instantia,

39 3027 147 3114 futuru,
159 3034 230 3118 pari
242 3033 404 3098 oblivione
415 3033 587 3102 dinaisaam
631 3036 737 3117 Atque
749 3035 853 3111 illum,
868 3032 902 3095 in
915 3051 1046 3099 nemore

39 3115 161 3184 Aricino
177 3119 320 3183 desidem
334 3130 366 3182 et
380 3115 585 3199 marcentem,
600 3120 737 3203 proditio
751 3119 871 3184 Lucilii
886 3118 989 3198 Bassi,
1006 3139 1045 3187 ac

37 3200 161 3270 defectio
177 3204 289 3269 classis
311 3204 510 3268 Ravennatis
524 3206 672 3288 perculit.
701 3204 785 3269 'Nec
800 3203 904 3268 multo
918 3204 990 3287 pbst
1003 3209 1044 3272 de

39 3285 159 3354 Oeciuai
174 3290 306 3356 affertur
319 3288 441 3353 mixtus
455 3289 573 3376 gaudio
588 3289 697 3356 dolor:
719 3305 751 3354 et
765 3288 945 3372 descivisse,
959 3301 991 3356 et
1005 3294 1049 3357 ab·

38 3375 172 3440 exercitu
188 3377 360 3441 vinctum..
388 3375 466 3439 Plus
482 3376 572 3459 apud¹
583 3376 750 3447 socordem
763 3375 909 3439 animum
924 3376 1047 3459 laetitia,

40 3458 129 3537 quarn
142 3481 223 3526 cura
237 3461 358 3525 valuit:
380 3461 484 3524 multi
506 3481 582 3526 cum
605 3461 802 3527 exultatione
818 3464 852 3525 in
870 3461 985 3526 urbem
999 3482 1047 3527 re·

39 3556 153 3626 rectus,
176 3546 332 3630 frequenti
348 3545 513 3625 concione,
539 3549 705 3630 ‘pietatem
725 3547 873 3612 militum'
896 3545 1047 3610 laudibus

40 3632 186 3698 cumulat.
229 3632 286 3697 ιῬ.
301 3630 470 3713 Sabinum,
493 3632 636 3781 qutorii
658 3632 852 3715 prefectum,
874 3632 916 3696 ob
936 3630 1048 3693 amiei-
