<?xml version="1.0" encoding="UTF-8"?>
<!DOCTYPE html PUBLIC "-//W3C//DTD XHTML 1.0 Transitional//EN"
    "http://www.w3.org/TR/xhtml1/DTD/xhtml1-transitional.dtd">
<html xmlns="http://www.w3.org/1999/xhtml" xml:lang="en" lang="en">
 <head>
  <title>
</title>
<meta http-equiv="Content-Type" content="text/html;charset=utf-8" />
  <meta name='ocr-system' content='tesseract 3.04.00' />
  <meta name='ocr-capabilities' content='ocr_page ocr_carea ocr_par ocr_line ocrx_word'/>
</head>
<body>
  <div class='ocr_page' id='page_1' title='image "./ccorneliitaciti37tacigoog_0499.png"; bbox 0 0 2392 4050; ppageno 0'>
   <div class='ocr_carea' id='block_1_1' title="bbox 113 202 789 304">
    <p class='ocr_par' dir='ltr' id='par_1_1' title="bbox 113 202 789 304">
     <span class='ocr_line' id='line_1_1' title="bbox 113 202 789 304; baseline -0.001 0"><span class='ocrx_word' id='word_1_1' title='bbox 113 236 180 304; x_wconf 76' lang='lat'><strong>246</strong></span> <span class='ocrx_word' id='word_1_2' title='bbox 468 239 506 302; x_wconf 82' lang='lat'><strong>0.</strong></span> <span class='ocrx_word' id='word_1_3' title='bbox 521 202 635 303; x_wconf 64' lang='lat' dir='ltr'><strong>Coos.</strong></span> <span class='ocrx_word' id='word_1_4' title='bbox 651 233 789 303; x_wconf 75' lang='lat' dir='ltr'><strong>&#39;I&#39;sorrr</strong></span> 
     </span>
    </p>
   </div>
   <div class='ocr_carea' id='block_1_2' title="bbox 113 404 1145 841">
    <p class='ocr_par' dir='ltr' id='par_1_2' title="bbox 113 404 1145 841">
     <span class='ocr_line' id='line_1_2' title="bbox 158 404 1145 488; baseline -0.001 -15"><span class='ocrx_word' id='word_1_5' title='bbox 158 404 304 474; x_wconf 83' lang='lat' dir='ltr'>XXXII.</span> <span class='ocrx_word' id='word_1_6' title='bbox 327 404 474 472; x_wconf 86' lang='lat' dir='ltr'><strong>‘Nostris</strong></span> <span class='ocrx_word' id='word_1_7' title='bbox 489 406 538 471; x_wconf 88' lang='lat' dir='ltr'><strong>iili</strong></span> <span class='ocrx_word' id='word_1_8' title='bbox 551 404 804 470; x_wconf 70' lang='lat' dir='ltr'><strong>discussionibus</strong></span> <span class='ocrx_word' id='word_1_9' title='bbox 817 426 855 471; x_wconf 85' lang='lat' dir='ltr'><strong>ao</strong></span> <span class='ocrx_word' id='word_1_10' title='bbox 866 405 1043 482; x_wconf 82' lang='lat' dir='ltr'><strong>disoordiis</strong></span> <span class='ocrx_word' id='word_1_11' title='bbox 1056 404 1145 488; x_wconf 80' lang='lat' dir='ltr'><strong>uiuri,</strong></span> 
     </span>
     <span class='ocr_line' id='line_1_3' title="bbox 113 490 1145 577; baseline 0 -21"><span class='ocrx_word' id='word_1_12' title='bbox 113 490 197 556; x_wconf 79' lang='lat' dir='ltr'><strong>vitia</strong></span> <span class='ocrx_word' id='word_1_13' title='bbox 218 491 362 557; x_wconf 84' lang='lat' dir='ltr'><strong>hostium</strong></span> <span class='ocrx_word' id='word_1_14' title='bbox 385 491 420 555; x_wconf 93' lang='lat' dir='ltr'><strong>in</strong></span> <span class='ocrx_word' id='word_1_15' title='bbox 445 492 584 577; x_wconf 74' lang='lat' dir='ltr'><strong>giorim</strong></span> <span class='ocrx_word' id='word_1_16' title='bbox 608 491 769 556; x_wconf 72' lang='lat' dir='ltr'><strong>exereitus</strong></span> <span class='ocrx_word' id='word_1_17' title='bbox 792 492 844 556; x_wconf 89' lang='lat' dir='ltr'><strong>sui</strong></span> <span class='ocrx_word' id='word_1_18' title='bbox 869 502 1028 556; x_wconf 85' lang='lat' dir='ltr'><strong>vertunt:</strong></span> <span class='ocrx_word' id='word_1_19' title='bbox 1049 512 1145 576; x_wconf 87' lang='lat' dir='ltr'><strong>quem</strong></span> 
     </span>
     <span class='ocr_line' id='line_1_4' title="bbox 115 574 1145 662; baseline -0.001 -21"><span class='ocrx_word' id='word_1_20' title='bbox 115 586 319 641; x_wconf 73' lang='lat' dir='ltr'><strong>contractum</strong></span> <span class='ocrx_word' id='word_1_21' title='bbox 332 595 375 640; x_wconf 87' lang='lat' dir='ltr'><strong>ex</strong></span> <span class='ocrx_word' id='word_1_22' title='bbox 388 574 619 638; x_wconf 78' lang='lat' dir='ltr'><strong>diversissImis</strong></span> <span class='ocrx_word' id='word_1_23' title='bbox 631 574 793 662; x_wconf 68' lang='lat' dir='ltr'><strong>gentihus,</strong></span> <span class='ocrx_word' id='word_1_24' title='bbox 813 588 852 639; x_wconf 91' lang='lat' dir='ltr'><strong>nt</strong></span> <span class='ocrx_word' id='word_1_25' title='bbox 866 576 1024 640; x_wconf 69' lang='lat' dir='ltr'><strong>monada</strong></span> <span class='ocrx_word' id='word_1_26' title='bbox 1040 597 1088 641; x_wconf 89' lang='lat' dir='ltr'><strong>res</strong></span> <span class='ocrx_word' id='word_1_27' title='bbox 1102 586 1145 640; x_wconf 83' lang='lat' dir='ltr'><strong>te·</strong></span> 
     </span>
     <span class='ocr_line' id='line_1_5' title="bbox 114 659 1143 739; baseline 0 -13"><span class='ocrx_word' id='word_1_28' title='bbox 114 669 204 739; x_wconf 81' lang='lat' dir='ltr'><strong>nont,</strong></span> <span class='ocrx_word' id='word_1_29' title='bbox 227 661 272 725; x_wconf 84' lang='lat' dir='ltr'><strong>ita</strong></span> <span class='ocrx_word' id='word_1_30' title='bbox 285 660 427 726; x_wconf 79' lang='lat' dir='ltr'><strong>adversae</strong></span> <span class='ocrx_word' id='word_1_31' title='bbox 440 659 640 725; x_wconf 77' lang='lat' dir='ltr'><strong>dissolvent:</strong></span> <span class='ocrx_word' id='word_1_32' title='bbox 661 661 768 725; x_wconf 88' lang='lat' dir='ltr'><strong>nisisi</strong></span> <span class='ocrx_word' id='word_1_33' title='bbox 783 662 900 727; x_wconf 85' lang='lat' dir='ltr'><strong>Gallos</strong></span> <span class='ocrx_word' id='word_1_34' title='bbox 914 670 949 723; x_wconf 91' lang='lat' dir='ltr'><strong>et</strong></span> <span class='ocrx_word' id='word_1_35' title='bbox 964 663 1143 726; x_wconf 84' lang='lat' dir='ltr'><strong>Germanos</strong></span> 
     </span>
     <span class='ocr_line' id='line_1_6' title="bbox 113 744 1143 841; baseline 0.001 -34"><span class='ocrx_word' id='word_1_36' title='bbox 113 744 284 841; x_wconf 75' lang='lat' dir='ltr'><strong>et(pndet</strong></span> <span class='ocrx_word' id='word_1_37' title='bbox 307 745 411 831; x_wconf 85' lang='lat' dir='ltr'><strong>dioto)</strong></span> <span class='ocrx_word' id='word_1_38' title='bbox 435 744 668 809; x_wconf 76' lang='lat' dir='ltr'><strong>Britannorum</strong></span> <span class='ocrx_word' id='word_1_39' title='bbox 692 747 871 829; x_wconf 86' lang='lat' dir='ltr'><strong>plerosque,</strong></span> <span class='ocrx_word' id='word_1_40' title='bbox 898 746 977 810; x_wconf 85' lang='lat' dir='ltr'><strong>iicet</strong></span> <span class='ocrx_word' id='word_1_41' title='bbox 1003 746 1143 811; x_wconf 88' lang='lat' dir='ltr'><strong>domina·</strong></span> 
     </span>
    </p>
   </div>
   <div class='ocr_carea' id='block_1_3' title="bbox 111 828 1178 3600">
    <p class='ocr_par' dir='ltr' id='par_1_3' title="bbox 111 828 1178 3626">
     <span class='ocr_line' id='line_1_7' title="bbox 115 828 1141 910; baseline 0.001 -17"><span class='ocrx_word' id='word_1_42' title='bbox 115 837 198 893; x_wconf 78' lang='lat' dir='ltr'><strong>troni</strong></span> <span class='ocrx_word' id='word_1_43' title='bbox 213 829 329 894; x_wconf 70' lang='lat' dir='ltr'><strong>alienia</strong></span> <span class='ocrx_word' id='word_1_44' title='bbox 344 830 538 893; x_wconf 63' lang='lat' dir='ltr'><strong>maurinam</strong></span> <span class='ocrx_word' id='word_1_45' title='bbox 548 828 763 910; x_wconf 79' lang='lat' dir='ltr'>commodent,</span> <span class='ocrx_word' id='word_1_46' title='bbox 778 830 898 895; x_wconf 80' lang='lat' dir='ltr'><strong>diutius</strong></span> <span class='ocrx_word' id='word_1_47' title='bbox 907 841 1025 894; x_wconf 68' lang='lat' dir='ltr'><strong>nmen</strong></span> <span class='ocrx_word' id='word_1_48' title='bbox 1039 832 1141 894; x_wconf 73' lang='lat' dir='ltr'><strong>hostes</strong></span> 
     </span>
     <span class='ocr_line' id='line_1_8' title="bbox 115 883 1141 999; baseline -0.001 -21"><span class='ocrx_word' id='word_1_49' title='bbox 115 915 214 997; x_wconf 77' lang='lat' dir='ltr'><strong>quim</strong></span> <span class='ocrx_word' id='word_1_50' title='bbox 227 932 347 995; x_wconf 81' lang='lat' dir='ltr'><strong>servos,</strong></span> <span class='ocrx_word' id='word_1_51' title='bbox 369 883 433 976; x_wconf 80' lang='lat' dir='ltr'><strong>fide</strong></span> <span class='ocrx_word' id='word_1_52' title='bbox 446 924 480 977; x_wconf 85' lang='lat' dir='ltr'><strong>et</strong></span> <span class='ocrx_word' id='word_1_53' title='bbox 493 913 611 979; x_wconf 77' lang='lat' dir='ltr'><strong>affeetu</strong></span> <span class='ocrx_word' id='word_1_54' title='bbox 629 915 732 979; x_wconf 85' lang='lat' dir='ltr'><strong>teneri</strong></span> <span class='ocrx_word' id='word_1_55' title='bbox 752 916 891 999; x_wconf 83' lang='lat' dir='ltr'><strong>putatis:</strong></span> <span class='ocrx_word' id='word_1_56' title='bbox 913 926 1026 979; x_wconf 85' lang='lat' dir='ltr'><strong>metus</strong></span> <span class='ocrx_word' id='word_1_57' title='bbox 1040 925 1073 978; x_wconf 90' lang='lat' dir='ltr'><strong>et</strong></span> <span class='ocrx_word' id='word_1_58' title='bbox 1084 923 1141 977; x_wconf 81' lang='lat' dir='ltr'><strong>ter·</strong></span> 
     </span>
     <span class='ocr_line' id='line_1_9' title="bbox 116 996 1139 1082; baseline -0.001 -20"><span class='ocrx_word' id='word_1_59' title='bbox 116 1015 170 1062; x_wconf 83' lang='lat' dir='ltr'><strong>ror</strong></span> <span class='ocrx_word' id='word_1_60' title='bbox 182 1007 238 1077; x_wconf 73' lang='lat' dir='ltr'><strong>en,</strong></span> <span class='ocrx_word' id='word_1_61' title='bbox 254 996 383 1061; x_wconf 75' lang='lat' dir='ltr'><strong>infirma</strong></span> <span class='ocrx_word' id='word_1_62' title='bbox 396 998 532 1063; x_wconf 83' lang='lat' dir='ltr'><strong>vineola</strong></span> <span class='ocrx_word' id='word_1_63' title='bbox 545 996 707 1064; x_wconf 81' lang='lat' dir='ltr'><strong>caritatis:</strong></span> <span class='ocrx_word' id='word_1_64' title='bbox 728 1019 801 1082; x_wconf 83' lang='lat' dir='ltr'><strong>quaa</strong></span> <span class='ocrx_word' id='word_1_65' title='bbox 815 1000 873 1064; x_wconf 91' lang='lat' dir='ltr'><strong>ubi</strong></span> <span class='ocrx_word' id='word_1_66' title='bbox 888 996 1139 1080; x_wconf 84' lang='lat' dir='ltr'><strong>remoreris,qui</strong></span> 
     </span>
     <span class='ocr_line' id='line_1_10' title="bbox 116 1079 1141 1166; baseline -0.002 -22"><span class='ocrx_word' id='word_1_67' title='bbox 116 1080 228 1147; x_wconf 83' lang='lat' dir='ltr'><strong>timere</strong></span> <span class='ocrx_word' id='word_1_68' title='bbox 241 1079 403 1160; x_wconf 74' lang='lat' dir='ltr'><strong>desierint,</strong></span> <span class='ocrx_word' id='word_1_69' title='bbox 425 1081 531 1147; x_wconf 83' lang='lat' dir='ltr'><strong>odisse</strong></span> <span class='ocrx_word' id='word_1_70' title='bbox 551 1083 717 1166; x_wconf 82' lang='lat' dir='ltr'><strong>incipient</strong></span> <span class='ocrx_word' id='word_1_71' title='bbox 761 1083 884 1147; x_wconf 85' lang='lat' dir='ltr'><strong>Omnia</strong></span> <span class='ocrx_word' id='word_1_72' title='bbox 901 1083 1054 1148; x_wconf 65' lang='lat' dir='ltr'><strong>notoriae</strong></span> <span class='ocrx_word' id='word_1_73' title='bbox 1067 1081 1141 1145; x_wconf 76' lang='lat' dir='ltr'><strong>inei</strong></span> 
     </span>
     <span class='ocr_line' id='line_1_11' title="bbox 114 1166 1142 1251; baseline 0 -21"><span class='ocrx_word' id='word_1_74' title='bbox 114 1174 260 1230; x_wconf 85' lang='lat' dir='ltr'><strong>tomenta</strong></span> <span class='ocrx_word' id='word_1_75' title='bbox 272 1184 329 1249; x_wconf 88' lang='lat' dir='ltr'><strong>pro</strong></span> <span class='ocrx_word' id='word_1_76' title='bbox 343 1166 437 1230; x_wconf 91' lang='lat' dir='ltr'><strong>nobis</strong></span> <span class='ocrx_word' id='word_1_77' title='bbox 451 1176 547 1231; x_wconf 88' lang='lat' dir='ltr'><strong>sunt:</strong></span> <span class='ocrx_word' id='word_1_78' title='bbox 568 1168 671 1231; x_wconf 83' lang='lat' dir='ltr'><strong>nullos</strong></span> <span class='ocrx_word' id='word_1_79' title='bbox 681 1167 846 1230; x_wconf 83' lang='lat' dir='ltr'><strong>Romanos</strong></span> <span class='ocrx_word' id='word_1_80' title='bbox 857 1166 1021 1251; x_wconf 73' lang='lat' dir='ltr'><strong>conjuges</strong></span> <span class='ocrx_word' id='word_1_81' title='bbox 1035 1183 1142 1231; x_wconf 73' lang='lat' dir='ltr'><strong>accen</strong></span> 
     </span>
     <span class='ocr_line' id='line_1_12' title="bbox 114 1247 1141 1338; baseline -0.002 -25"><span class='ocrx_word' id='word_1_82' title='bbox 114 1247 220 1315; x_wconf 85' lang='lat' dir='ltr'><strong>dunt:</strong></span> <span class='ocrx_word' id='word_1_83' title='bbox 242 1250 327 1315; x_wconf 84' lang='lat' dir='ltr'><strong>nulii</strong></span> <span class='ocrx_word' id='word_1_84' title='bbox 340 1261 488 1334; x_wconf 89' lang='lat' dir='ltr'><strong>parentes</strong></span> <span class='ocrx_word' id='word_1_85' title='bbox 501 1252 616 1338; x_wconf 80' lang='lat' dir='ltr'><strong>fugam</strong></span> <span class='ocrx_word' id='word_1_86' title='bbox 625 1251 848 1335; x_wconf 78' lang='lat' dir='ltr'><strong>exprobraturi</strong></span> <span class='ocrx_word' id='word_1_87' title='bbox 861 1261 959 1315; x_wconf 73' lang='lat' dir='ltr'><strong>saint:</strong></span> <span class='ocrx_word' id='word_1_88' title='bbox 980 1261 1042 1315; x_wconf 90' lang='lat' dir='ltr'><strong>aut</strong></span> <span class='ocrx_word' id='word_1_89' title='bbox 1055 1250 1141 1315; x_wconf 82' lang='lat' dir='ltr'><strong>nulio</strong></span> 
     </span>
     <span class='ocr_line' id='line_1_13' title="bbox 115 1334 1137 1479; baseline 0 -82"><span class='ocrx_word' id='word_1_90' title='bbox 115 1334 279 1479; x_wconf 82' lang='lat' dir='ltr'><strong>plerisque</strong></span> <span class='ocrx_word' id='word_1_91' title='bbox 292 1334 404 1416; x_wconf 84' lang='lat' dir='ltr'><strong>patria,</strong></span> <span class='ocrx_word' id='word_1_92' title='bbox 426 1345 485 1399; x_wconf 90' lang='lat' dir='ltr'><strong>aut</strong></span> <span class='ocrx_word' id='word_1_93' title='bbox 498 1337 571 1416; x_wconf 83' lang='lat' dir='ltr'><strong>alia,</strong></span> <span class='ocrx_word' id='word_1_94' title='bbox 593 1344 668 1403; x_wconf 70' lang='lat' dir='ltr'><strong>ost,</strong></span> <span class='ocrx_word' id='word_1_95' title='bbox 696 1336 822 1400; x_wconf 76' lang='lat' dir='ltr'><strong>Patrem</strong></span> <span class='ocrx_word' id='word_1_96' title='bbox 836 1352 985 1414; x_wconf 85' lang='lat' dir='ltr'><strong>numero,</strong></span> <span class='ocrx_word' id='word_1_97' title='bbox 1001 1334 1137 1418; x_wconf 89' lang='lat' dir='ltr'><strong>trepidos</strong></span> 
     </span>
     <span class='ocr_line' id='line_1_14' title="bbox 128 1416 1137 1510; baseline -0.002 -30"><span class='ocrx_word' id='word_1_98' title='bbox 128 1417 309 1510; x_wconf 73' lang='lat' dir='ltr'><strong>gnorantii,</strong></span> <span class='ocrx_word' id='word_1_99' title='bbox 322 1420 443 1483; x_wconf 84' lang='lat' dir='ltr'><strong>ooelnm</strong></span> <span class='ocrx_word' id='word_1_100' title='bbox 457 1421 566 1502; x_wconf 86' lang='lat' dir='ltr'><strong>ipsum</strong></span> <span class='ocrx_word' id='word_1_101' title='bbox 576 1436 712 1484; x_wconf 80' lang='lat' dir='ltr'><strong>somaro</strong></span> <span class='ocrx_word' id='word_1_102' title='bbox 722 1421 884 1503; x_wconf 86' lang='lat' dir='ltr'><strong>etsyIras,</strong></span> <span class='ocrx_word' id='word_1_103' title='bbox 904 1419 1021 1505; x_wconf 78' lang='lat' dir='ltr'><strong>ignota</strong></span> <span class='ocrx_word' id='word_1_104' title='bbox 1034 1416 1137 1482; x_wconf 84' lang='lat' dir='ltr'><strong>omnia</strong></span> 
     </span>
     <span class='ocr_line' id='line_1_15' title="bbox 112 1499 1135 1586; baseline 0.002 -23"><span class='ocrx_word' id='word_1_105' title='bbox 112 1511 430 1584; x_wconf 80' lang='lat' dir='ltr'><strong>utrcumspeetantes,</strong></span> <span class='ocrx_word' id='word_1_106' title='bbox 456 1504 584 1568; x_wconf 83' lang='lat' dir='ltr'><strong>clausos</strong></span> <span class='ocrx_word' id='word_1_107' title='bbox 606 1503 846 1586; x_wconf 83' lang='lat' dir='ltr'><strong>quodammodo</strong></span> <span class='ocrx_word' id='word_1_108' title='bbox 868 1524 907 1567; x_wconf 87' lang='lat' dir='ltr'><strong>ao</strong></span> <span class='ocrx_word' id='word_1_109' title='bbox 934 1503 1063 1567; x_wconf 81' lang='lat' dir='ltr'><strong>vinetus</strong></span> <span class='ocrx_word' id='word_1_110' title='bbox 1084 1499 1135 1565; x_wconf 86' lang='lat' dir='ltr'><strong>Dii</strong></span> 
     </span>
     <span class='ocr_line' id='line_1_16' title="bbox 113 1583 1135 1671; baseline 0 -23"><span class='ocrx_word' id='word_1_111' title='bbox 113 1584 208 1648; x_wconf 83' lang='lat' dir='ltr'><strong>nobis</strong></span> <span class='ocrx_word' id='word_1_112' title='bbox 222 1583 433 1649; x_wconf 82' lang='lat' dir='ltr'><strong>tradiderunt.</strong></span> <span class='ocrx_word' id='word_1_113' title='bbox 478 1588 528 1650; x_wconf 86' lang='lat' dir='ltr'><strong>Ne</strong></span> <span class='ocrx_word' id='word_1_114' title='bbox 543 1597 659 1650; x_wconf 83' lang='lat' dir='ltr'><strong>terreat</strong></span> <span class='ocrx_word' id='word_1_115' title='bbox 669 1606 775 1650; x_wconf 83' lang='lat' dir='ltr'><strong>vanus</strong></span> <span class='ocrx_word' id='word_1_116' title='bbox 786 1600 932 1671; x_wconf 81' lang='lat' dir='ltr'><strong>aspectus</strong></span> <span class='ocrx_word' id='word_1_117' title='bbox 947 1595 980 1651; x_wconf 88' lang='lat' dir='ltr'><strong>et</strong></span> <span class='ocrx_word' id='word_1_118' title='bbox 994 1587 1067 1649; x_wconf 87' lang='lat' dir='ltr'><strong>auri</strong></span> <span class='ocrx_word' id='word_1_119' title='bbox 1078 1584 1135 1649; x_wconf 81' lang='lat' dir='ltr'><strong>foi·</strong></span> 
     </span>
     <span class='ocr_line' id='line_1_17' title="bbox 114 1669 1132 1764; baseline 0.001 -33"><span class='ocrx_word' id='word_1_120' title='bbox 114 1687 174 1764; x_wconf 73' lang='lat' dir='ltr'><strong>gor</strong></span> <span class='ocrx_word' id='word_1_121' title='bbox 187 1677 283 1751; x_wconf 85' lang='lat' dir='ltr'><strong>atque</strong></span> <span class='ocrx_word' id='word_1_122' title='bbox 296 1669 431 1753; x_wconf 82' lang='lat' dir='ltr'><strong>argenti,</strong></span> <span class='ocrx_word' id='word_1_123' title='bbox 445 1670 533 1751; x_wconf 88' lang='lat' dir='ltr'><strong>qnod</strong></span> <span class='ocrx_word' id='word_1_124' title='bbox 547 1689 654 1752; x_wconf 84' lang='lat' dir='ltr'><strong>neque</strong></span> <span class='ocrx_word' id='word_1_125' title='bbox 668 1672 755 1755; x_wconf 85' lang='lat' dir='ltr'><strong>tegit,</strong></span> <span class='ocrx_word' id='word_1_126' title='bbox 776 1688 882 1754; x_wconf 87' lang='lat' dir='ltr'><strong>neque</strong></span> <span class='ocrx_word' id='word_1_127' title='bbox 897 1672 1057 1735; x_wconf 84' lang='lat' dir='ltr'><strong>vulnerat</strong></span> <span class='ocrx_word' id='word_1_128' title='bbox 1097 1669 1132 1732; x_wconf 89' lang='lat' dir='ltr'><strong>In</strong></span> 
     </span>
     <span class='ocr_line' id='line_1_18' title="bbox 114 1751 1131 1839; baseline -0.001 -24"><span class='ocrx_word' id='word_1_129' title='bbox 114 1770 127 1815; x_wconf 88' lang='lat'>1</span> <span class='ocrx_word' id='word_1_130' title='bbox 169 1751 182 1770; x_wconf 73' lang='lat'><strong>⁴</strong></span> <span class='ocrx_word' id='word_1_131' title='bbox 200 1753 346 1818; x_wconf 87' lang='lat' dir='ltr'><strong>bostium</strong></span> <span class='ocrx_word' id='word_1_132' title='bbox 359 1754 428 1817; x_wconf 88' lang='lat' dir='ltr'><strong>acie</strong></span> <span class='ocrx_word' id='word_1_133' title='bbox 443 1754 649 1820; x_wconf 78' lang='lat' dir='ltr'><strong>invenIemns</strong></span> <span class='ocrx_word' id='word_1_134' title='bbox 661 1764 791 1818; x_wconf 90' lang='lat' dir='ltr'><strong>nostras</strong></span> <span class='ocrx_word' id='word_1_135' title='bbox 805 1774 940 1819; x_wconf 89' lang='lat' dir='ltr'><strong>manns:</strong></span> <span class='ocrx_word' id='word_1_136' title='bbox 963 1761 1131 1839; x_wconf 49' lang='lat' dir='ltr'><strong>manassent</strong></span> 
     </span>
     <span class='ocr_line' id='line_1_19' title="bbox 146 1835 1130 1921; baseline -0.001 -21"><span class='ocrx_word' id='word_1_137' title='bbox 146 1836 266 1901; x_wconf 77' lang='lat' dir='ltr'><strong>ritonni</strong></span> <span class='ocrx_word' id='word_1_138' title='bbox 280 1857 374 1902; x_wconf 85' lang='lat' dir='ltr'><strong>snam</strong></span> <span class='ocrx_word' id='word_1_139' title='bbox 395 1857 545 1903; x_wconf 76' lang='lat' dir='ltr'><strong>sarisam:</strong></span> <span class='ocrx_word' id='word_1_140' title='bbox 568 1838 823 1903; x_wconf 82' lang='lat' dir='ltr'><strong>recordabuntur</strong></span> <span class='ocrx_word' id='word_1_141' title='bbox 836 1840 926 1903; x_wconf 82' lang='lat' dir='ltr'><strong>Galli</strong></span> <span class='ocrx_word' id='word_1_142' title='bbox 947 1839 1083 1921; x_wconf 87' lang='lat' dir='ltr'><strong>priorem</strong></span> <span class='ocrx_word' id='word_1_143' title='bbox 1096 1835 1130 1899; x_wconf 75' lang='lat' dir='ltr'><strong>Ii</strong></span> 
     </span>
     <span class='ocr_line' id='line_1_20' title="bbox 114 1921 1178 2006; baseline 0 -22"><span class='ocrx_word' id='word_1_144' title='bbox 114 1921 290 1986; x_wconf 85' lang='lat' dir='ltr'><strong>bertatem:</strong></span> <span class='ocrx_word' id='word_1_145' title='bbox 312 1922 459 1986; x_wconf 86' lang='lat' dir='ltr'><strong>deserent</strong></span> <span class='ocrx_word' id='word_1_146' title='bbox 478 1922 551 1987; x_wconf 83' lang='lat' dir='ltr'><strong>iilos</strong></span> <span class='ocrx_word' id='word_1_147' title='bbox 566 1922 662 1986; x_wconf 81' lang='lat' dir='ltr'><strong>ceteri</strong></span> <span class='ocrx_word' id='word_1_148' title='bbox 678 1923 844 2003; x_wconf 77' lang='lat' dir='ltr'><strong>Germani,</strong></span> <span class='ocrx_word' id='word_1_149' title='bbox 865 1933 1023 2006; x_wconf 87' lang='lat' dir='ltr'><strong>tanquam</strong></span> <span class='ocrx_word' id='word_1_150' title='bbox 1036 1938 1131 2004; x_wconf 71' lang='lat' dir='ltr'><strong>nnpn</strong></span> <span class='ocrx_word' id='word_1_151' title='bbox 1177 1952 1178 1995; x_wconf 60' lang='lat' dir='ltr'><strong>r</strong></span> 
     </span>
     <span class='ocr_line' id='line_1_21' title="bbox 116 2004 1132 2091; baseline -0.002 -21"><span class='ocrx_word' id='word_1_152' title='bbox 116 2004 223 2089; x_wconf 89' lang='lat' dir='ltr'><strong>Usipii</strong></span> <span class='ocrx_word' id='word_1_153' title='bbox 239 2007 453 2090; x_wconf 74' lang='lat' dir='ltr'><strong>retiquemnu</strong></span> <span class='ocrx_word' id='word_1_154' title='bbox 493 2007 750 2091; x_wconf 83' lang='lat' dir='ltr'><strong>Neoquicquarn</strong></span> <span class='ocrx_word' id='word_1_155' title='bbox 763 2009 849 2073; x_wconf 82' lang='lat' dir='ltr'><strong>ultra</strong></span> <span class='ocrx_word' id='word_1_156' title='bbox 863 2006 1063 2072; x_wconf 84' lang='lat' dir='ltr'><strong>formidinis:</strong></span> <span class='ocrx_word' id='word_1_157' title='bbox 1083 2023 1132 2069; x_wconf 72' lang='lat' dir='ltr'><strong>vo</strong></span> 
     </span>
     <span class='ocr_line' id='line_1_22' title="bbox 112 2089 1130 2174; baseline 0 -22"><span class='ocrx_word' id='word_1_158' title='bbox 112 2108 179 2154; x_wconf 82' lang='lat' dir='ltr'><strong>oua</strong></span> <span class='ocrx_word' id='word_1_159' title='bbox 192 2092 333 2171; x_wconf 79' lang='lat' dir='ltr'><strong>castella,</strong></span> <span class='ocrx_word' id='word_1_160' title='bbox 355 2110 473 2156; x_wconf 68' lang='lat' dir='ltr'><strong>mnum</strong></span> <span class='ocrx_word' id='word_1_161' title='bbox 494 2092 640 2172; x_wconf 76' lang='lat' dir='ltr'><strong>colonia,</strong></span> <span class='ocrx_word' id='word_1_162' title='bbox 662 2092 747 2155; x_wconf 79' lang='lat' dir='ltr'><strong>inter</strong></span> <span class='ocrx_word' id='word_1_163' title='bbox 771 2093 857 2156; x_wconf 74' lang='lat' dir='ltr'><strong>malie</strong></span> <span class='ocrx_word' id='word_1_164' title='bbox 876 2102 1025 2174; x_wconf 85' lang='lat' dir='ltr'><strong>parentes</strong></span> <span class='ocrx_word' id='word_1_165' title='bbox 1045 2100 1075 2154; x_wconf 84' lang='lat' dir='ltr'><strong>et</strong></span> <span class='ocrx_word' id='word_1_166' title='bbox 1087 2089 1130 2152; x_wconf 81' lang='lat' dir='ltr'><strong>in</strong></span> 
     </span>
     <span class='ocr_line' id='line_1_23' title="bbox 112 2172 1177 2268; baseline -0.001 -32"><span class='ocrx_word' id='word_1_167' title='bbox 112 2172 200 2252; x_wconf 73' lang='lat' dir='ltr'><strong>June</strong></span> <span class='ocrx_word' id='word_1_168' title='bbox 225 2174 426 2259; x_wconf 86' lang='lat' dir='ltr'><strong>imperantes,</strong></span> <span class='ocrx_word' id='word_1_169' title='bbox 449 2195 538 2262; x_wconf 77' lang='lat' dir='ltr'><strong>aegra</strong></span> <span class='ocrx_word' id='word_1_170' title='bbox 562 2176 742 2258; x_wconf 78' lang='lat' dir='ltr'><strong>municipia</strong></span> <span class='ocrx_word' id='word_1_171' title='bbox 763 2185 796 2238; x_wconf 89' lang='lat' dir='ltr'><strong>et</strong></span> <span class='ocrx_word' id='word_1_172' title='bbox 818 2175 1053 2240; x_wconf 84' lang='lat' dir='ltr'><strong>discordantia:</strong></span> <span class='ocrx_word' id='word_1_173' title='bbox 1081 2173 1128 2236; x_wconf 74' lang='lat' dir='ltr'><strong>bu</strong></span> <span class='ocrx_word' id='word_1_174' title='bbox 1176 2187 1177 2268; x_wconf 55' lang='lat' dir='ltr'><strong>p</strong></span> 
     </span>
     <span class='ocr_line' id='line_1_24' title="bbox 117 2256 1128 2336; baseline -0.005 -13"><span class='ocrx_word' id='word_1_175' title='bbox 117 2256 206 2336; x_wconf 80' lang='lat' dir='ltr'><strong>Dux,</strong></span> <span class='ocrx_word' id='word_1_176' title='bbox 228 2257 281 2323; x_wconf 82' lang='lat' dir='ltr'><strong>hie</strong></span> <span class='ocrx_word' id='word_1_177' title='bbox 294 2260 478 2324; x_wconf 83' lang='lat' dir='ltr'><strong>exercitus:</strong></span> <span class='ocrx_word' id='word_1_178' title='bbox 500 2260 545 2324; x_wconf 90' lang='lat' dir='ltr'><strong>ibi</strong></span> <span class='ocrx_word' id='word_1_179' title='bbox 562 2261 683 2325; x_wconf 84' lang='lat' dir='ltr'><strong>tributa</strong></span> <span class='ocrx_word' id='word_1_180' title='bbox 701 2269 734 2322; x_wconf 87' lang='lat' dir='ltr'><strong>at</strong></span> <span class='ocrx_word' id='word_1_181' title='bbox 751 2261 883 2325; x_wconf 80' lang='lat' dir='ltr'><strong>metalla</strong></span> <span class='ocrx_word' id='word_1_182' title='bbox 895 2272 928 2323; x_wconf 90' lang='lat' dir='ltr'><strong>et</strong></span> <span class='ocrx_word' id='word_1_183' title='bbox 941 2270 1053 2323; x_wconf 83' lang='lat' dir='ltr'><strong>catera</strong></span> <span class='ocrx_word' id='word_1_184' title='bbox 1070 2275 1128 2319; x_wconf 85' lang='lat' dir='ltr'><strong>ser·</strong></span> 
     </span>
     <span class='ocr_line' id='line_1_25' title="bbox 115 2340 1176 2427; baseline -0.001 -24"><span class='ocrx_word' id='word_1_185' title='bbox 115 2340 274 2407; x_wconf 78' lang='lat' dir='ltr'><strong>viantium</strong></span> <span class='ocrx_word' id='word_1_186' title='bbox 294 2362 419 2426; x_wconf 72' lang='lat' dir='ltr'><strong>prena:</strong></span> <span class='ocrx_word' id='word_1_187' title='bbox 441 2363 523 2426; x_wconf 86' lang='lat' dir='ltr'><strong>quas</strong></span> <span class='ocrx_word' id='word_1_188' title='bbox 547 2343 583 2407; x_wconf 91' lang='lat' dir='ltr'><strong>in</strong></span> <span class='ocrx_word' id='word_1_189' title='bbox 610 2355 767 2409; x_wconf 80' lang='lat' dir='ltr'><strong>aeternum</strong></span> <span class='ocrx_word' id='word_1_190' title='bbox 783 2343 931 2427; x_wconf 81' lang='lat' dir='ltr'><strong>perferre,</strong></span> <span class='ocrx_word' id='word_1_191' title='bbox 952 2353 1011 2406; x_wconf 88' lang='lat' dir='ltr'><strong>aut</strong></span> <span class='ocrx_word' id='word_1_192' title='bbox 1028 2340 1127 2403; x_wconf 84' lang='lat' dir='ltr'><strong>statim</strong></span> <span class='ocrx_word' id='word_1_193' title='bbox 1175 2377 1176 2418; x_wconf 73' lang='lat'><strong>,</strong></span> 
     </span>
     <span class='ocr_line' id='line_1_26' title="bbox 114 2425 1127 2522; baseline -0.004 -33"><span class='ocrx_word' id='word_1_194' title='bbox 114 2425 241 2522; x_wconf 76' lang='lat' dir='ltr'><strong>uleisoi,</strong></span> <span class='ocrx_word' id='word_1_195' title='bbox 264 2426 299 2489; x_wconf 95' lang='lat' dir='ltr'><strong>in</strong></span> <span class='ocrx_word' id='word_1_196' title='bbox 316 2428 379 2491; x_wconf 87' lang='lat' dir='ltr'><strong>hoo</strong></span> <span class='ocrx_word' id='word_1_197' title='bbox 403 2446 519 2509; x_wconf 86' lang='lat' dir='ltr'><strong>eampo</strong></span> <span class='ocrx_word' id='word_1_198' title='bbox 538 2440 596 2491; x_wconf 88' lang='lat' dir='ltr'><strong>est.</strong></span> <span class='ocrx_word' id='word_1_199' title='bbox 641 2426 791 2508; x_wconf 85' lang='lat' dir='ltr'><strong>Proinde,</strong></span> <span class='ocrx_word' id='word_1_200' title='bbox 813 2428 889 2492; x_wconf 84' lang='lat' dir='ltr'><strong>ituri</strong></span> <span class='ocrx_word' id='word_1_201' title='bbox 912 2428 947 2492; x_wconf 90' lang='lat' dir='ltr'><strong>in</strong></span> <span class='ocrx_word' id='word_1_202' title='bbox 971 2425 1081 2504; x_wconf 86' lang='lat' dir='ltr'><strong>aciem,</strong></span> <span class='ocrx_word' id='word_1_203' title='bbox 1099 2431 1127 2485; x_wconf 86' lang='lat' dir='ltr'><strong>et</strong></span> 
     </span>
     <span class='ocr_line' id='line_1_27' title="bbox 116 2513 1113 2597; baseline 0.004 -23"><span class='ocrx_word' id='word_1_204' title='bbox 116 2526 254 2589; x_wconf 77' lang='lat' dir='ltr'><strong>majores</strong></span> <span class='ocrx_word' id='word_1_205' title='bbox 268 2520 391 2574; x_wconf 85' lang='lat' dir='ltr'><strong>vestros</strong></span> <span class='ocrx_word' id='word_1_206' title='bbox 405 2520 437 2573; x_wconf 88' lang='lat' dir='ltr'><strong>at</strong></span> <span class='ocrx_word' id='word_1_207' title='bbox 451 2521 593 2594; x_wconf 82' lang='lat' dir='ltr'><strong>posteros</strong></span> <span class='ocrx_word' id='word_1_208' title='bbox 609 2513 765 2597; x_wconf 64' lang='lat' dir='ltr'><strong>cogitate?</strong></span> <span class='ocrx_word' id='word_1_209' title='bbox 843 2535 848 2542; x_wconf 87' lang='lat'>·</span> <span class='ocrx_word' id='word_1_210' title='bbox 1108 2538 1113 2546; x_wconf 92' lang='lat'><strong>·</strong></span> 
     </span>
     <span class='ocr_line' id='line_1_28' title="bbox 160 2591 1156 2677; baseline 0.005 -22"><span class='ocrx_word' id='word_1_211' title='bbox 160 2592 328 2657; x_wconf 83' lang='lat' dir='ltr'>XXXIII.</span> <span class='ocrx_word' id='word_1_212' title='bbox 351 2594 519 2677; x_wconf 67' lang='lat' dir='ltr'><strong>onepbre</strong></span> <span class='ocrx_word' id='word_1_213' title='bbox 533 2596 713 2659; x_wconf 86' lang='lat' dir='ltr'><strong>orationem</strong></span> <span class='ocrx_word' id='word_1_214' title='bbox 734 2597 865 2674; x_wconf 82' lang='lat' dir='ltr'><strong>alacres,</strong></span> <span class='ocrx_word' id='word_1_215' title='bbox 884 2605 917 2658; x_wconf 88' lang='lat' dir='ltr'><strong>et</strong></span> <span class='ocrx_word' id='word_1_216' title='bbox 929 2591 1055 2658; x_wconf 82' lang='lat' dir='ltr'><strong>barbari</strong></span> <span class='ocrx_word' id='word_1_217' title='bbox 1069 2608 1127 2654; x_wconf 79' lang='lat' dir='ltr'><strong>mo</strong></span> <span class='ocrx_word' id='word_1_218' title='bbox 1148 2613 1156 2660; x_wconf 52' lang='lat' dir='ltr'><strong>‘r</strong></span> 
     </span>
     <span class='ocr_line' id='line_1_29' title="bbox 114 2675 1126 2761; baseline -0.001 -22"><span class='ocrx_word' id='word_1_219' title='bbox 114 2676 159 2739; x_wconf 89' lang='lat' dir='ltr'><strong>ris</strong></span> <span class='ocrx_word' id='word_1_220' title='bbox 169 2685 268 2740; x_wconf 83' lang='lat' dir='ltr'><strong>cantu</strong></span> <span class='ocrx_word' id='word_1_221' title='bbox 282 2683 314 2736; x_wconf 85' lang='lat' dir='ltr'><strong>et</strong></span> <span class='ocrx_word' id='word_1_222' title='bbox 327 2675 457 2739; x_wconf 78' lang='lat' dir='ltr'><strong>fremitu</strong></span> <span class='ocrx_word' id='word_1_223' title='bbox 472 2679 731 2761; x_wconf 75' lang='lat' dir='ltr'><strong>clamoribusque</strong></span> <span class='ocrx_word' id='word_1_224' title='bbox 740 2678 889 2743; x_wconf 86' lang='lat' dir='ltr'><strong>dissonis.</strong></span> <span class='ocrx_word' id='word_1_225' title='bbox 933 2679 1069 2759; x_wconf 80' lang='lat' dir='ltr'><strong>Jamque</strong></span> <span class='ocrx_word' id='word_1_226' title='bbox 1079 2693 1126 2759; x_wconf 57' lang='lat' dir='ltr'><strong>ug*</strong></span> 
     </span>
     <span class='ocr_line' id='line_1_30' title="bbox 115 2735 1175 2852; baseline -0.003 -29"><span class='ocrx_word' id='word_1_227' title='bbox 115 2758 259 2823; x_wconf 78' lang='lat' dir='ltr'><strong>minuet</strong></span> <span class='ocrx_word' id='word_1_228' title='bbox 278 2775 445 2852; x_wconf 76' lang='lat' dir='ltr'><strong>armorum</strong></span> <span class='ocrx_word' id='word_1_229' title='bbox 467 2761 619 2845; x_wconf 82' lang='lat' dir='ltr'><strong>fulgores,</strong></span> <span class='ocrx_word' id='word_1_230' title='bbox 642 2761 863 2827; x_wconf 77' lang='lat' dir='ltr'><strong>audentissimi</strong></span> <span class='ocrx_word' id='word_1_231' title='bbox 885 2761 1044 2844; x_wconf 79' lang='lat' dir='ltr'><strong>cujusque</strong></span> <span class='ocrx_word' id='word_1_232' title='bbox 1064 2776 1126 2841; x_wconf 84' lang='lat' dir='ltr'><strong>pro</strong></span> <span class='ocrx_word' id='word_1_233' title='bbox 1174 2735 1175 2812; x_wconf 73' lang='lat' dir='ltr'><strong>i</strong></span> 
     </span>
     <span class='ocr_line' id='line_1_31' title="bbox 115 2841 1124 2930; baseline -0.004 -22"><span class='ocrx_word' id='word_1_234' title='bbox 115 2859 237 2908; x_wconf 77' lang='lat' dir='ltr'><strong>numu:</strong></span> <span class='ocrx_word' id='word_1_235' title='bbox 259 2841 358 2903; x_wconf 82' lang='lat' dir='ltr'><strong>simul</strong></span> <span class='ocrx_word' id='word_1_236' title='bbox 378 2841 622 2908; x_wconf 77' lang='lat' dir='ltr'><strong>instruebantur</strong></span> <span class='ocrx_word' id='word_1_237' title='bbox 635 2845 738 2908; x_wconf 82' lang='lat' dir='ltr'><strong>acies:</strong></span> <span class='ocrx_word' id='word_1_238' title='bbox 760 2847 834 2908; x_wconf 80' lang='lat' dir='ltr'><strong>edm</strong></span> <span class='ocrx_word' id='word_1_239' title='bbox 850 2845 1013 2930; x_wconf 79' lang='lat' dir='ltr'><strong>Agricola,</strong></span> <span class='ocrx_word' id='word_1_240' title='bbox 1033 2859 1124 2926; x_wconf 88' lang='lat' dir='ltr'><strong>quan·</strong></span> 
     </span>
     <span class='ocr_line' id='line_1_32' title="bbox 114 2922 1125 3011; baseline -0.005 -19"><span class='ocrx_word' id='word_1_241' title='bbox 114 2945 216 3011; x_wconf 83' lang='lat' dir='ltr'><strong>qnam</strong></span> <span class='ocrx_word' id='word_1_242' title='bbox 239 2929 351 2992; x_wconf 80' lang='lat' dir='ltr'><strong>tatum</strong></span> <span class='ocrx_word' id='word_1_243' title='bbox 371 2935 403 2988; x_wconf 84' lang='lat' dir='ltr'><strong>et</strong></span> <span class='ocrx_word' id='word_1_244' title='bbox 425 2926 483 2990; x_wconf 81' lang='lat' dir='ltr'><strong>vix</strong></span> <span class='ocrx_word' id='word_1_245' title='bbox 505 2926 717 2991; x_wconf 86' lang='lat' dir='ltr'><strong>munimentis</strong></span> <span class='ocrx_word' id='word_1_246' title='bbox 737 2928 915 2992; x_wconf 64' lang='lat' dir='ltr'><strong>counitum</strong></span> <span class='ocrx_word' id='word_1_247' title='bbox 931 2929 1067 2993; x_wconf 83' lang='lat' dir='ltr'><strong>militem</strong></span> <span class='ocrx_word' id='word_1_248' title='bbox 1079 2922 1125 2987; x_wconf 84' lang='lat' dir='ltr'><strong>od·</strong></span> 
     </span>
     <span class='ocr_line' id='line_1_33' title="bbox 114 3008 1123 3093; baseline -0.002 -16"><span class='ocrx_word' id='word_1_249' title='bbox 114 3013 269 3093; x_wconf 78' lang='lat' dir='ltr'><strong>hortatus,</strong></span> <span class='ocrx_word' id='word_1_250' title='bbox 284 3010 328 3074; x_wconf 87' lang='lat' dir='ltr'><strong>ita</strong></span> <span class='ocrx_word' id='word_1_251' title='bbox 337 3008 506 3075; x_wconf 85' lang='lat' dir='ltr'><strong>disseruit:</strong></span> <span class='ocrx_word' id='word_1_252' title='bbox 530 3012 696 3076; x_wconf 84' lang='lat' dir='ltr'><strong>‘Octavus</strong></span> <span class='ocrx_word' id='word_1_253' title='bbox 707 3027 811 3075; x_wconf 84' lang='lat' dir='ltr'><strong>annus</strong></span> <span class='ocrx_word' id='word_1_254' title='bbox 821 3019 878 3090; x_wconf 89' lang='lat' dir='ltr'><strong>est,</strong></span> <span class='ocrx_word' id='word_1_255' title='bbox 893 3011 1123 3083; x_wconf 70' lang='lat' dir='ltr'><strong>commilitones</strong></span> 
     </span>
     <span class='ocr_line' id='line_1_34' title="bbox 115 3093 1173 3179; baseline -0.007 -19"><span class='ocrx_word' id='word_1_256' title='bbox 115 3116 158 3160; x_wconf 83' lang='lat' dir='ltr'><strong>ex</strong></span> <span class='ocrx_word' id='word_1_257' title='bbox 174 3115 241 3179; x_wconf 90' lang='lat' dir='ltr'><strong>qno</strong></span> <span class='ocrx_word' id='word_1_258' title='bbox 264 3095 384 3159; x_wconf 86' lang='lat' dir='ltr'><strong>virtute</strong></span> <span class='ocrx_word' id='word_1_259' title='bbox 408 3103 441 3156; x_wconf 90' lang='lat' dir='ltr'><strong>et</strong></span> <span class='ocrx_word' id='word_1_260' title='bbox 466 3095 620 3178; x_wconf 79' lang='lat' dir='ltr'><strong>auspiciis</strong></span> <span class='ocrx_word' id='word_1_261' title='bbox 643 3095 774 3178; x_wconf 85' lang='lat' dir='ltr'><strong>Imperii</strong></span> <span class='ocrx_word' id='word_1_262' title='bbox 795 3093 935 3158; x_wconf 86' lang='lat' dir='ltr'><strong>Romani</strong></span> <span class='ocrx_word' id='word_1_263' title='bbox 957 3095 1022 3157; x_wconf 86' lang='lat' dir='ltr'><strong>fide</strong></span> <span class='ocrx_word' id='word_1_264' title='bbox 1038 3101 1123 3175; x_wconf 81' lang='lat' dir='ltr'><strong>atquo</strong></span> <span class='ocrx_word' id='word_1_265' title='bbox 1172 3111 1173 3116; x_wconf 46' lang='lat'>¹</span> 
     </span>
     <span class='ocr_line' id='line_1_35' title="bbox 114 3177 1122 3266; baseline -0.007 -23"><span class='ocrx_word' id='word_1_266' title='bbox 114 3182 212 3266; x_wconf 70' lang='lat' dir='ltr'><strong>operi</strong></span> <span class='ocrx_word' id='word_1_267' title='bbox 224 3184 330 3244; x_wconf 71' lang='lat' dir='ltr'><strong>vestra</strong></span> <span class='ocrx_word' id='word_1_268' title='bbox 349 3177 550 3243; x_wconf 84' lang='lat' dir='ltr'><strong>Britanniam</strong></span> <span class='ocrx_word' id='word_1_269' title='bbox 571 3179 715 3243; x_wconf 85' lang='lat' dir='ltr'><strong>vicistis:</strong></span> <span class='ocrx_word' id='word_1_270' title='bbox 737 3189 784 3243; x_wconf 85' lang='lat' dir='ltr'><strong>tot</strong></span> <span class='ocrx_word' id='word_1_271' title='bbox 801 3177 1066 3260; x_wconf 82' lang='lat' dir='ltr'><strong>expeditionibus,</strong></span> <span class='ocrx_word' id='word_1_272' title='bbox 1084 3181 1122 3237; x_wconf 86' lang='lat' dir='ltr'><strong>tot</strong></span> 
     </span>
     <span class='ocr_line' id='line_1_36' title="bbox 137 3259 1122 3344; baseline -0.007 -17"><span class='ocrx_word' id='word_1_273' title='bbox 137 3264 244 3344; x_wconf 78' lang='lat' dir='ltr'><strong>ratiis,</strong></span> <span class='ocrx_word' id='word_1_274' title='bbox 265 3281 324 3326; x_wconf 90' lang='lat' dir='ltr'><strong>seu</strong></span> <span class='ocrx_word' id='word_1_275' title='bbox 342 3262 531 3327; x_wconf 86' lang='lat' dir='ltr'><strong>fortitudine</strong></span> <span class='ocrx_word' id='word_1_276' title='bbox 550 3263 703 3329; x_wconf 78' lang='lat' dir='ltr'><strong>adversis</strong></span> <span class='ocrx_word' id='word_1_277' title='bbox 720 3265 838 3344; x_wconf 90' lang='lat' dir='ltr'><strong>hostes,</strong></span> <span class='ocrx_word' id='word_1_278' title='bbox 859 3280 917 3325; x_wconf 90' lang='lat' dir='ltr'><strong>sen</strong></span> <span class='ocrx_word' id='word_1_279' title='bbox 933 3259 1122 3344; x_wconf 79' lang='lat' dir='ltr'><strong>patientiiao</strong></span> 
     </span>
     <span class='ocr_line' id='line_1_37' title="bbox 113 3282 1120 3430; baseline -0.01 -18"><span class='ocrx_word' id='word_1_280' title='bbox 113 3282 233 3428; x_wconf 55' lang='lat' dir='ltr'><strong>dabore,</strong></span> <span class='ocrx_word' id='word_1_281' title='bbox 255 3366 350 3430; x_wconf 80' lang='lat' dir='ltr'><strong>paene</strong></span> <span class='ocrx_word' id='word_1_282' title='bbox 367 3346 520 3411; x_wconf 70' lang='lat' dir='ltr'><strong>adversm</strong></span> <span class='ocrx_word' id='word_1_283' title='bbox 541 3348 644 3430; x_wconf 88' lang='lat' dir='ltr'><strong>ipsam</strong></span> <span class='ocrx_word' id='word_1_284' title='bbox 659 3368 768 3413; x_wconf 81' lang='lat' dir='ltr'><strong>renim</strong></span> <span class='ocrx_word' id='word_1_285' title='bbox 788 3357 940 3412; x_wconf 82' lang='lat' dir='ltr'><strong>naturam</strong></span> <span class='ocrx_word' id='word_1_286' title='bbox 957 3364 1038 3428; x_wconf 88' lang='lat' dir='ltr'><strong>opus</strong></span> <span class='ocrx_word' id='word_1_287' title='bbox 1051 3342 1120 3406; x_wconf 85' lang='lat' dir='ltr'><strong>fnit:</strong></span> 
     </span>
     <span class='ocr_line' id='line_1_38' title="bbox 112 3427 1172 3515; baseline -0.002 -22"><span class='ocrx_word' id='word_1_288' title='bbox 112 3447 218 3511; x_wconf 82' lang='lat' dir='ltr'><strong>nsque</strong></span> <span class='ocrx_word' id='word_1_289' title='bbox 243 3450 295 3494; x_wconf 90' lang='lat' dir='ltr'><strong>me</strong></span> <span class='ocrx_word' id='word_1_290' title='bbox 321 3430 472 3511; x_wconf 88' lang='lat' dir='ltr'><strong>militum,</strong></span> <span class='ocrx_word' id='word_1_291' title='bbox 494 3451 599 3515; x_wconf 85' lang='lat' dir='ltr'><strong>neque</strong></span> <span class='ocrx_word' id='word_1_292' title='bbox 624 3452 683 3496; x_wconf 85' lang='lat' dir='ltr'><strong>vos</strong></span> <span class='ocrx_word' id='word_1_293' title='bbox 707 3432 811 3496; x_wconf 89' lang='lat' dir='ltr'><strong>Dueis</strong></span> <span class='ocrx_word' id='word_1_294' title='bbox 832 3428 994 3514; x_wconf 78' lang='lat' dir='ltr'><strong>poenituit.</strong></span> <span class='ocrx_word' id='word_1_295' title='bbox 1044 3427 1119 3510; x_wconf 65' lang='lat' dir='ltr'><strong>nego</strong></span> <span class='ocrx_word' id='word_1_296' title='bbox 1171 3429 1172 3454; x_wconf 69' lang='lat'>³</span> 
     </span>
     <span class='ocr_line' id='line_1_39' title="bbox 111 3512 1118 3600; baseline 0 -27"><span class='ocrx_word' id='word_1_297' title='bbox 111 3513 241 3596; x_wconf 77' lang='lat' dir='ltr'><strong>egrossi,</strong></span> <span class='ocrx_word' id='word_1_298' title='bbox 255 3530 317 3595; x_wconf 83' lang='lat' dir='ltr'><strong>ego</strong></span> <span class='ocrx_word' id='word_1_299' title='bbox 331 3522 478 3575; x_wconf 83' lang='lat' dir='ltr'><strong>veterum</strong></span> <span class='ocrx_word' id='word_1_300' title='bbox 490 3515 762 3600; x_wconf 82' lang='lat' dir='ltr'><strong>Legatorum,vos</strong></span> <span class='ocrx_word' id='word_1_301' title='bbox 776 3516 921 3599; x_wconf 88' lang='lat' dir='ltr'><strong>priorum</strong></span> <span class='ocrx_word' id='word_1_302' title='bbox 932 3512 1118 3578; x_wconf 80' lang='lat' dir='ltr'><strong>exercituum</strong></span> 
     </span>
    </p>
   </div>
   <div class='ocr_carea' id='block_1_4' title="bbox 108 3588 1115 3763">
    <p class='ocr_par' dir='ltr' id='par_1_4' title="bbox 108 3588 1115 3763">
     <span class='ocr_line' id='line_1_40' title="bbox 108 3588 1115 3687; baseline 0.008 -32"><span class='ocrx_word' id='word_1_303' title='bbox 108 3594 272 3685; x_wconf 83' lang='lat' dir='ltr'><strong>terminos,</strong></span> <span class='ocrx_word' id='word_1_304' title='bbox 294 3593 394 3687; x_wconf 77' lang='lat' dir='ltr'><strong>finem</strong></span> <span class='ocrx_word' id='word_1_305' title='bbox 415 3594 601 3678; x_wconf 85' lang='lat' dir='ltr'><strong>Britanniae,</strong></span> <span class='ocrx_word' id='word_1_306' title='bbox 623 3618 691 3662; x_wconf 90' lang='lat' dir='ltr'><strong>non</strong></span> <span class='ocrx_word' id='word_1_307' title='bbox 711 3599 805 3679; x_wconf 73' lang='lat' dir='ltr'><strong>famu,</strong></span> <span class='ocrx_word' id='word_1_308' title='bbox 828 3618 890 3664; x_wconf 89' lang='lat' dir='ltr'><strong>nee</strong></span> <span class='ocrx_word' id='word_1_309' title='bbox 916 3615 1052 3677; x_wconf 88' lang='lat' dir='ltr'><strong>rumore,</strong></span> <span class='ocrx_word' id='word_1_310' title='bbox 1068 3588 1115 3656; x_wconf 70' lang='lat' dir='ltr'><strong>tud</strong></span> 
     </span>
     <span class='ocr_line' id='line_1_41' title="bbox 109 3681 1115 3763; baseline 0.009 -27"><span class='ocrx_word' id='word_1_311' title='bbox 109 3683 221 3738; x_wconf 80' lang='lat' dir='ltr'><strong>castris</strong></span> <span class='ocrx_word' id='word_1_312' title='bbox 234 3684 267 3736; x_wconf 85' lang='lat' dir='ltr'><strong>et</strong></span> <span class='ocrx_word' id='word_1_313' title='bbox 280 3693 378 3738; x_wconf 72' lang='lat' dir='ltr'><strong>umis</strong></span> <span class='ocrx_word' id='word_1_314' title='bbox 392 3684 549 3744; x_wconf 83' lang='lat' dir='ltr'><strong>tenemus.</strong></span> <span class='ocrx_word' id='word_1_315' title='bbox 592 3683 731 3749; x_wconf 82' lang='lat' dir='ltr'><strong>Inventa</strong></span> <span class='ocrx_word' id='word_1_316' title='bbox 745 3684 922 3763; x_wconf 79' lang='lat' dir='ltr'><strong>Britannia,</strong></span> <span class='ocrx_word' id='word_1_317' title='bbox 944 3690 976 3747; x_wconf 88' lang='lat' dir='ltr'><strong>et</strong></span> <span class='ocrx_word' id='word_1_318' title='bbox 990 3681 1115 3746; x_wconf 69' lang='lat' dir='ltr'><strong>saneta</strong></span> 
     </span>
    </p>
   </div>
   <div class='ocr_carea' id='block_1_5' title="bbox 0 0 1200 4050">
    <p class='ocr_par' dir='ltr' id='par_1_5' title="bbox 0 0 1200 4050">
     <span class='ocr_line' id='line_1_42' title="bbox 0 0 1200 4050; baseline 0 0"><span class='ocrx_word' id='word_1_319' title='bbox 0 0 1200 4050; x_wconf 95' lang='lat' dir='ltr'><strong> </strong></span> 
     </span>
    </p>
   </div>
  </div>
 </body>
</html>
