2392 4050
110 197 169 254 att
452 210 767 252 uorsa-omum.

140 355 242 403 secte.
261 349 510 410 commolimus
522 350 669 408 providum]
702 350 788 403 Idem,
804 349 923 401 divinum,
938 360 964 392 et
976 354 1124 407 mturapm-

108 447 224 495 mutiens.

140 533 198 582 Noa
209 527 351 585 dunum,
361 539 404 574 nec
419 533 534 585 tanqam
546 526 656 580 furerent
672 523 750 583 Dens]
783 523 849 569 ‘Not
867 525 976 583 through
995 526 1122 581 adulaum,

108 636 153 671 nor
161 636 188 668 ns
200 621 221 666 it
231 622 290 679 they
299 631 367 664 were
375 617 464 673 raising
473 614 572 661 mortula
579 623 606 658 to
613 615 655 659 the
665 613 726 659 rank
736 614 765 658 os
775 614 929 671 goddesses)

141 709 208 758 sect.
221 713 244 755 9.
261 708 373 753 Deorum
380 701 484 751 meum
495 698 656 748 Mororum
667 702 759 760 coltmt]
770 701 886 747 heautus
897 702 977 747 lector
991 703 1064 748 facile
1077 716 1124 746 cre-

108 797 184 853 deret,
197 798 263 843 hisce
275 794 456 848 animadversis,
467 790 603 838 Germanos
610 791 709 837 eosdem
719 789 794 846 Deos,
803 805 832 835 ac
844 804 905 848 qnos
914 790 998 836 Graeci
1004 792 1121 845 colebant,

108 885 238 940 habuisse;
255 884 326 941 quisi
339 881 474 927 nominibus
484 879 581 937 quidem
591 879 720 934 differrent,
735 878 872 924 constitisse
888 886 974 924 tamen
991 880 1078 925 eadem
1087 879 1121 923 fu·

107 973 158 1019 isse
169 972 273 1017 numina
308 967 356 1013 Sed
367 970 392 1012 in
403 967 490 1012 eodem
501 981 574 1025 opere
585 967 649 1012 idem
659 966 795 1012 Historicus
805 974 909 1012 testatur
920 965 1060 1012 Germanos
1071 966 1120 1010 aliis

107 1059 243 1107 nominibus
254 1070 320 1111 usos,
331 1069 378 1101 nec
389 1069 446 1101 cum
456 1056 542 1101 vicinis
553 1055 603 1100 ulla
613 1055 727 1100 habuisse
737 1056 891 1109 commercia,
903 1063 947 1100 ant
958 1056 1052 1112 exigua
1058 1070 1066 1110 ;
1081 1067 1121 1099 ne-
1139 1058 1145 1062 '

107 1146 165 1194 dum
177 1154 203 1191 ut
211 1147 327 1192 haberent
337 1158 395 1191 cum
406 1143 497 1191 Grecis
507 1145 591 1204 procul
602 1158 618 1189 a
628 1158 656 1190 se
666 1144 773 1199 remotis,
790 1158 806 1189 a
820 1144 907 1202 quibus
918 1144 1021 1203 proinde
1031 1143 1120 1201 religio·

107 1248 164 1284 nem
176 1236 286 1294 accipere
302 1248 350 1281 non
361 1239 495 1293 potuerant
529 1231 615 1290 ltaque
626 1239 771 1277 memoratos
787 1231 852 1277 Deos
864 1246 880 1277 a
894 1230 1028 1277 Gauranis
1043 1232 1119 1277 cultos

107 1326 287 1383 intelligendum
298 1333 335 1372 est
345 1322 534 1382 mantione
540 1324 663 1378 Rerum,
675 1331 702 1368 ut
712 1323 768 1369 alibi
777 1337 800 1367 c.
812 1324 851 1369 43.
863 1323 977 1381 loquitur,
986 1324 1019 1370 de
1030 1323 1121 1370 Suevo-

107 1427 160 1461 rum
170 1416 283 1471 religione
291 1415 366 1458 verba
374 1414 466 1460 faciens
474 1431 480 1458 r
496 1414 569 1470 Deos,
580 1414 664 1472 inquit,
675 1409 864 1470 &capream
871 1413 986 1458 Rornonu
997 1414 1120 1457 Castorem

107 1505 129 1547 et
139 1501 262 1546 Pollucem
271 1505 421 1547 menmmu:
437 1503 461 1548 h.
474 1518 497 1548 e.
509 1502 575 1549 Deos
586 1502 711 1560 quosdam,
723 1516 784 1560 quos
794 1500 900 1548 Romani
910 1502 1014 1548 eoadem
1023 1516 1079 1548 esse
1089 1515 1118 1547 nc

106 1587 233 1637 Castorem
244 1597 269 1636 et
279 1588 404 1637 Pollucem
412 1591 529 1649 judicant.

139 1680 241 1730 Tacitus
251 1697 352 1743 appears
372 1684 430 1729 here
441 1684 551 1730 likewise
568 1690 595 1728 to
607 1682 718 1741 disagree
728 1684 789 1730 with
800 1682 888 1728 Cesar.
921 1681 980 1728 Bell.
997 1682 1052 1729 out
1063 1680 1117 1727 VII.

107 1769 133 1818 lt
143 1772 185 1818 the
195 1769 303 1818 different
311 1770 414 1830 petiods,
426 1773 550 1826 however,
562 1785 604 1816 are
615 1772 764 1828 considered,
775 1773 843 1817 there
850 1771 900 1816 will
908 1778 950 1816 not
960 1772 993 1817 be
1003 1773 1046 1817 the
1057 1771 1118 1817 least

106 1861 284 1919 disagreement
301 1861 415 1906 between
425 1861 467 1906 the
482 1869 533 1905 two
549 1861 656 1908 authors.
691 1860 719 1906 In
736 1862 778 1906 the
793 1861 850 1906 time
862 1860 890 1906 os
900 1860 993 1916 Caesar,
1004 1862 1047 1908 the
1058 1860 1117 1906 Ger·

106 1962 177 1996 mans
188 1949 235 1995 had
245 1950 315 1994 those
325 1948 411 1993 deities
420 1948 502 1993 which
513 1962 554 1993 are
565 1961 677 1993 common
688 1955 713 1993 to
724 1949 810 1993 almost
819 1949 850 1993 all
858 1949 1003 1995 uncivilized
1011 1950 1116 2004 nauons,

105 2039 149 2085 the
160 2038 220 2093 Snn,
231 2040 273 2084 the
283 2037 368 2092 Moon,
387 2037 434 2083 and
444 2037 538 2083 Vulcan
549 2051 576 2082 or
586 2037 649 2084 Fine.
683 2039 840 2094 Allerwards,
858 2040 890 2098 by
899 2040 962 2085 their
971 2041 1117 2086 connection

105 2126 167 2170 with
177 2127 218 2171 the
230 2124 306 2171 Gnnls
317 2125 364 2171 and
375 2124 493 2180 Romans,
505 2126 563 2185 they
574 2126 687 2172 received
697 2125 820 2186 Mercury,
831 2126 908 2184 Mars,
918 2128 967 2174 and
985 2127 1116 2183 Hercules,

105 2212 148 2258 the
156 2213 262 2271 worship
272 2213 301 2258 of
311 2213 393 2261 whom
404 2213 525 2271 prevailed
535 2214 561 2259 in
571 2215 614 2261 the
625 2228 671 2272 ege
682 2215 710 2260 os
722 2213 829 2261 Tacitus.
872 2235 876 2240 ·

137 2299 261 2346 mae
270 2313 360 2360 quoquc
368 2297 462 2359 mito]
494 2300 567 2357 Quod
575 2300 651 2348 Gallis
662 2301 838 2361 Germanisque
848 2317 985 2350 commune.

140 2389 262 2434 concutio
272 2386 427 2449 mathiu]
460 2389 584 2436 Concessa
595 2391 708 2436 animalia
717 2399 798 2448 vocat,
808 2393 894 2449 quibus
902 2392 1116 2439 alleshumaniores

105 2483 191 2534 gentes
202 2477 346 2532 sacrificant,
358 2478 469 2522 humanis
477 2477 581 2523 victimis
591 2478 660 2525 litare
670 2480 738 2525 nefas
746 2486 868 2538 putantes,
880 2488 906 2525 ut
914 2488 960 2527 est.

136 2563 201 2610 Sect.
216 2567 253 2611 11.
271 2564 314 2611 Sic
325 2563 478 2621 muitum,
489 2563 524 2612 ric
534 2564 672 2627 emicunt]
705 2567 766 2614 Sunt
780 2570 855 2615 verba
865 2569 977 2614 forensia.
1012 2569 1071 2616 Vult
1081 2569 1114 2615 di·

104 2664 160 2698 cere
171 2656 196 2699 in
206 2654 279 2699 rebus
289 2653 431 2710 forensibus,
440 2669 497 2700 cum
507 2662 604 2715 tempus
615 2662 707 2702 certum
718 2648 912 2703 constituendum
919 2665 967 2714 est,
978 2664 1005 2704 ut
1013 2660 1039 2705 in
1048 2659 1115 2705 vndi-

103 2740 189 2785 moniis
201 2746 225 2785 et
234 2741 357 2795 simihhus,
368 2749 452 2788 noctes
463 2743 555 2800 finiunt,
567 2758 616 2790 non
626 2745 684 2790 dies.

135 2826 200 2875 Sect.
214 2829 251 2874 12.
268 2827 370 2887 ignavo·
381 2834 402 2875 et
414 2828 526 2891 unua]
559 2829 645 2891 Ignavi
658 2840 684 2878 et
693 2829 800 2889 meua,
811 2847 855 2892 per
864 2835 1011 2897 hendiadyn,
1026 2837 1113 2895 signifi·

102 2923 167 2973 cant,
178 2919 203 2964 in
213 2918 296 2964 militia
305 2918 415 2976 ignavos.
620 2932 624 2935 '

136 3006 245 3064 Corpore
260 3003 374 3067 humer]
407 3007 457 3064 Qui
474 3022 573 3068 corpore
590 3023 643 3057 suo*
652 3009 713 3056 adeo
725 3010 892 3067 abutebantur,
908 3019 936 3057 ut
947 3012 1006 3058 illud
1017 3013 1111 3073 flagitiis

108 3101 134 3141 et
144 3096 207 3141 vitiis
218 3097 415 3142 contaminarent.

131 3179 268 3229 Divum
286 3181 398 3241 simplicii
413 3165 472 3229 illuc
487 3183 595 3245 respicit]
630 3186 699 3234 ‘The
716 3186 844 3234 difference
854 3188 883 3235 of
893 3191 1050 3248 punishment
1064 3193 1109 3239 has

99 3269 147 3316 this
158 3270 237 3325 object
248 3271 273 3317 in
283 3271 358 3326 view,
369 3272 421 3316 that
435 3273 532 3333 villany,
543 3275 617 3320 while
627 3275 646 3321 it
665 3272 687 3322 is
700 3277 826 3335 punished,
844 3278 930 3324 should
943 3279 976 3325 be
992 3281 1108 3340 exposed,

98 3357 141 3404 bnt
152 3357 272 3413 turpitude
289 3359 426 3404 concealed.
462 3360 515 3407 The
532 3364 650 3422 penalties
665 3366 777 3412 annexed
793 3373 819 3411 to
829 3367 929 3425 slighter
943 3369 1050 3417 offensos
1065 3384 1107 3416 ara

95 3441 536 3506 proportionedtothedelinquency.’
766 3433 769 3439 ⁸

128 3526 193 3601 sea.
208 3527 245 3572 13.
262 3528 342 3573 mna
353 3528 563 3596 mannum]
595 3536 671 3587 uam
682 3547 732 3590 tam
744 3527 825 3604 hoyn
834 3543 973 3603 uisam,
984 3554 1011 3594 ut
1022 3559 1102 3594 om

95 3607 161 3654 fama
170 3623 213 3667 pro
224 3614 332 3658 exercitu
343 3622 418 3661 esset.
