2392 4050
331 217 378 260 ne
402 196 641 263 Oenomaus
664 198 859 265 Dracooua.
1033 199 1099 266 277

66 364 166 446 modb
175 385 344 449 curasque,
353 366 410 431 sed
422 368 627 433 remissiones
636 369 736 434 etiam
746 370 903 453 lususque
914 389 1100 455 puerorum,

66 451 237 516 sanctitate
246 451 387 533 quisdam
402 473 440 516 ac
457 454 653 519 verecundii
666 456 871 537 temperabat.
911 456 969 520 Sic
980 457 1101 520 Corno-

68 535 150 599 liam
171 537 406 616 Gracchorum,
420 538 469 614 sic
490 540 658 602 Aureliam
680 540 827 620 unsaris,
840 539 888 604 sic
908 539 1019 604 Atiam
1033 541 1102 603 Au·

67 621 157 705 gusti
168 631 304 684 matrem
318 621 481 703 prefuisse
495 622 743 687 educationibus
754 643 795 688 ac
810 624 1000 706 produxisse
1014 624 1101 705 prin·

68 706 159 786 cipes
175 707 290 768 liberos
312 706 515 801 accepimus:
535 727 615 789 qum
632 705 805 790 disciplina
827 728 869 772 ac
885 709 1040 795 seneritas
1061 707 1101 769 ed

69 788 259 873 pertinebat,
273 801 310 852 ut
321 810 448 854 sincera
460 803 493 855 et
506 792 642 876 integra,
661 801 693 854 et
707 792 808 856 nullis
823 793 1034 877 pravitatibus
1048 791 1102 854 de·

68 885 162 954 torta,
178 874 435 957 uniuscujusque
451 887 574 956 natura,
593 887 659 938 toto
673 877 780 940 statim
801 887 930 960 pectore
948 876 1119 958 arriperet'

67 968 156 1021 artes
171 960 329 1036 honestas,
345 970 385 1038 ct,
400 960 470 1023 sire
482 960 523 1023 ad
535 980 606 1023 rem
617 960 795 1040 militarem,
810 962 880 1025 sire
891 960 933 1024 ad
943 958 1028 1041 juris
1041 957 1104 1023 sci·

69 1044 201 1121 entiam,
215 1041 285 1105 sive
305 1043 344 1108 ad
360 1044 551 1125 eloquentia
570 1045 717 1110 studium
736 1046 934 1127 inclinasset,
945 1044 980 1107 id
993 1046 1103 1109 solum

68 1137 190 1212 ageret,
205 1125 237 1190 id
253 1127 445 1191 universum
461 1128 614 1193 hauriret.

111 1212 244 1277 XXlX.
268 1215 310 1275 Ar
323 1231 412 1275 nunc
425 1221 521 1275 natus
532 1212 640 1277 insana
647 1213 817 1298 delegauit
828 1212 992 1276 Graeculae
1004 1211 1105 1276 alicui

69 1296 212 1375 ancillae,
227 1296 281 1359 eui
296 1295 486 1381 adjungitur
500 1315 587 1359 uuus
600 1309 657 1361 aut
675 1300 755 1361 alter
768 1317 811 1361 cx
824 1296 977 1362 omnibus
990 1297 1102 1376 servis,

69 1383 165 1463 pleru
222 1400 264 1443 ue
287 1381 473 1459 vilissimus,
490 1399 550 1443 nec
572 1380 727 1463 cuiquam
748 1381 832 1444 serio
851 1379 1030 1446 ministerio
1052 1400 1105 1445 ac·

70 1485 182 1529 comm
223 1474 305 1527 atus.
350 1464 648 1540 Horumlabuliset
662 1465 824 1531 erroribus
837 1465 1059 1530 teneristatim
1071 1472 1106 1529 et

70 1548 171 1613 rudes
185 1549 285 1612 animi
296 1549 505 1611 imbuuntur:
528 1548 773 1631 necquicquam
782 1550 815 1612 iu
826 1551 892 1612 toti
903 1549 1001 1613 domo
1012 1547 1104 1633 pensi

60 1636 180 1711 *hahet
195 1632 273 1714 quid
288 1650 400 1695 coram
420 1630 543 1694 insonte
565 1632 700 1696 domino
723 1644 781 1697 aut
799 1632 895 1712 dicat,
910 1643 967 1696 aut
990 1632 1104 1696 saciat:

71 1716 207 1802 qnando
220 1715 317 1786 etiam
329 1715 388 1797 ipsi
401 1726 549 1797 parentes
563 1735 625 1779 nec
637 1718 793 1798 probitati,
808 1735 914 1797 neque
929 1715 1106 1793 modestice,

71 1802 230 1887 parvulos
243 1797 470 1878 assuefaciunt,
485 1800 541 1863 sed
558 1801 742 1890 lasciviaeet
753 1800 935 1880 dicacitati3
958 1818 1016 1881 per
1029 1819 1105 1882 quae

71 1885 232 1970 paulatim
253 1884 455 1965 impudentia
469 1883 580 1966 irrepit
601 1895 633 1949 et
655 1885 706 1949 sui
727 1886 891 1967 alienique
913 1894 1106 1948 contemtus.

72 1972 152 2036 Jam
166 1969 243 2033 verb
263 1969 391 2052 propria
409 1977 441 2029 et
464 1969 642 2052 peculiaria
656 1965 757 2051 hujus.
769 1968 859 2034 urbis
871 1967 950 2032 vitia
964 1968 1056 2051 punc
1071 1968 1108 2034 in

72 2066 170 2119 utero
194 2055 303 2133 matris
317 2052 445 2134 concipi
467 2054 549 2116 mihi
564 2055 726 2133 ridentur,
742 2053 940 2119 histrionalis
962 2051 1054 2116 favor
1075 2063 1109 2118 et

72 2137 294 2226 gladiatorum
306 2157 529 2221 equorumque
539 2140 666 2203 studia:
688 2139 806 2223 quibus
819 2149 998 2221 occupatus
1012 2139 1109 2202 etob-

72 2243 183 2289 sessus
207 2221 336 2286 animus
360 2225 558 2304 quantulum
582 2224 646 2286 loci
668 2224 761 2287 bonis
784 2224 907 2286 artibus
928 2222 1108 2304 relinquiti

73 2319 213 2393 quotum
227 2326 389 2391 quemque
404 2305 576 2386 inveneris,
592 2308 649 2389 qui
662 2308 753 2371 domi
767 2307 944 2389 quicquam
959 2305 1049 2369 aliud
1064 2309 1109 2370 lo·

73 2391 221 2477 quatur?
240 2390 413 2475 quosalios
422 2391 738 2456 adolescentulorum
747 2410 910 2454 sermones
918 2390 1111 2472 excipimus,

73 2475 250 2558 siquando
263 2475 651 2562 auditoriaintravimusi
696 2475 745 2541 Ne
755 2487 962 2558 preceptores
975 2473 1110 2556 quidem

74 2563 165 2626 ullas
179 2561 354 2624 crebriores
364 2559 448 2622 dum
462 2560 665 2643 auditoribus
675 2561 744 2625 suis
755 2559 879 2625 fabulas
888 2560 1022 2622 habent:
1045 2558 1110 2622 eol-

73 2646 188 2731 ligunt
207 2645 294 2709 euim
306 2643 494 2726 discipulos,
509 2664 574 2708 uon
588 2644 757 2709 severitate
777 2645 955 2728 discipline
978 2663 1040 2708 nec
1062 2643 1112 2707 in·

72 2729 166 2816 genii
181 2730 411 2811 experimento,
423 2727 479 2790 sed
494 2730 669 2793 ambitione
678 2730 890 2798 salutantium
903 2738 936 2794 et
950 2727 1111 2793 illecebris

75 2813 283 2880 adulationis.
329 2813 479 2876 Transeo
493 2813 598 2897 prima
612 2814 805 2881 discentium
817 2817 987 2894 elementa,
996 2813 1111 2894 inqui·

75 2903 141 2965 bus
163 2908 195 2960 et
210 2897 287 2981 ipsis
298 2916 413 2979 parum
426 2898 629 2967 elaboratur:
653 2918 715 2962 nec
729 2901 763 2962 iu
776 2898 964 2961 auctoribus
977 2913 1113 2980 cognos-

73 2981 268 3061 cendis,nee
277 2981 458 3045 evolvendi
468 2981 668 3062 antiquitate,
676 3001 736 3045 nec
746 2981 780 3044 in
795 2979 909 3048 nutitii
923 2980 976 3043 vel
992 2995 1111 3059 rerum,

76 3069 134 3133 vel
152 3066 333 3144 hominnm,
346 3066 398 3128 vel
413 3075 598 3146 temporum
613 3063 688 3129 satis
703 3082 807 3144 operm
819 3062 1003 3133 insumitur.

123 3151 240 3216 XXX.
253 3148 329 3214 Sed
340 3159 547 3231 expetuntur,
556 3167 640 3229 quos
649 3151 803 3214 rhetoras
813 3157 950 3211 vocant:
971 3165 1115 3230 quorum

76 3235 237 3322 professio
249 3231 383 3318 quando
399 3232 537 3315 primum
555 3232 588 3295 iu
613 3233 699 3299 hanc
721 3233 835 3296 urbem
856 3228 1040 3297 introducta
1061 3234 1112 3315 sit,

76 3322 244 3407 quamque
259 3319 400 3382 nuttam.
407 3316 495 3400 apud
515 3316 654 3398 majores
674 3327 800 3381 nostros
821 3316 1044 3383 auctoritatem
1058 3318 1116 3380 ha·

77 3404 197 3483 buerit,
211 3404 321 3469 statim
341 3399 498 3479 dicturus,
521 3400 657 3466 reseram
678 3419 809 3475 neccsse
831 3399 880 3464 est
902 3402 1051 3465 animum
1074 3401 1116 3462 ad

79 3508 158 3553 eam
175 3487 392 3570 disciplinam,
406 3487 472 3566 qui
493 3504 660 3551 usosesse
681 3505 737 3550 eos
758 3496 899 3548 oratores
920 3485 1115 3564 accepimus,

79 3592 224 3658 quornm
240 3569 394 3647 infinitus,
405 3569 495 3632 labor
510 3579 542 3631 ct
555 3569 745 3650 quotidiana
755 3567 922 3630 meditatio
936 3578 967 3627 et
982 3565 1116 3627 inomni

78 3674 202 3746 genere
224 3654 408 3718 studiorum
421 3652 665 3799 exercitatiffires
676 3653 825 3732 ,ipsorum
839 3647 936 3708 etiam
950 3644 1117 3711 continen-

1131 3884 1174 4002 A
