2392 4050
88 162 120 227 A.
134 161 168 228 Ο.
182 163 245 252 te]
375 163 788 228 Hreson.Lrn.Pn1nrua.
1051 162 1096 228 27

88 333 263 419 legionibus,
282 333 424 414 dextras,
447 334 577 419 hospitii
598 336 736 422 insigne.
779 334 894 420 legati
916 353 1037 414 eorum,
1060 333 1098 399 in

21 498 23 507 Ι
87 421 253 501 squalorem
263 422 508 503 moestitiamque
520 421 698 506 compositi,
713 440 769 505 per
778 421 944 505 principia,
956 441 1012 505 per
1022 438 1099 484 con·

21 510 23 527 '
86 506 228 585 tubernia,
239 506 334 570 modb
349 512 438 570 ‘suas
451 505 606 588 injicias?
615 508 710 572 modis
722 507 905 571 ‘civitatum
915 506 1099 571 vicinarum

87 590 220 672 premia?
234 602 275 671 et,
288 592 345 656 ubi
358 591 470 674 pronis
485 593 624 657 militurn
636 594 768 658 auribus
777 590 1022 676 accipiebantur,
1040 591 1099 675 ‘ip

88 675 147 739 sins
159 677 313 742 exercitiis
327 678 473 761 pericula
489 689 521 742 et
541 680 762 743 contumelies’
783 686 1024 761 conquerentes,
1049 696 1100 741 ac·

87 760 252 827 cendebant
273 763 409 827 animos.
453 764 522 828 Nec
548 766 661 847 procul
686 763 840 828 seditione
863 765 1002 843 aberant,
1026 763 1101 828 crim

87 846 279 933 Hordeonius
294 850 436 914 Flaccus
458 849 558 912 ‘abire
581 850 736 936 legatos,’
750 861 850 932 utque
872 848 1031 913 occultior
1052 847 1100 923 di·

21 978 22 1007 3
86 950 202 1017 gressus
215 943 307 1013 esset,
331 942 437 999 ‘nocte
459 935 571 998 castris
588 934 751 1000 excedere’
768 936 860 1016 jubet
930 934 993 999 nde
1008 943 1101 1017 atrox

21 1046 22 1049 ¹
85 1035 192 1097 rumor,
206 1018 441 1084 affirmantibus
455 1019 626 1103 plerisque,
651 1020 831 1086 ‘interiecto
880 1041 927 1101 ac,
950 1020 1013 1085 nisi
1037 1018 1101 1102 ipsi

86 1105 288 1184 consulerent,
303 1105 380 1186 fore,
394 1117 431 1170 ut
446 1106 593 1171 acerrimi
614 1106 763 1186 militum,
786 1117 818 1170 et
836 1106 1004 1189 praesentia
1025 1124 1101 1168 con·

84 1189 187 1270 questi,
205 1206 261 1275 per
275 1190 421 1272 tenebras
439 1204 472 1255 et
485 1189 646 1256 inscitiam
667 1202 845 1258 ceterorum
858 1190 1100 1256 occiderentur.²

21 1314 22 1325 a
85 1272 327 1363 obstringuntur
341 1277 472 1343 interae
483 1278 580 1341 tacito
594 1275 714 1342 foedere
728 1278 879 1364 legiones.
923 1277 1102 1341 Asciscitur

83 1360 272 1433 auxiliorum
287 1362 396 1446 miles;
419 1363 523 1446 primo
544 1373 722 1447 suspectus,
744 1374 908 1447 tanquam,
923 1360 1102 1428 circumda·

82 1442 119 1507 tis
131 1447 311 1512 cohortibus
325 1448 456 1531 alisque,
472 1448 612 1532 impetus
627 1447 661 1511 in
678 1449 819 1534 legiones
833 1459 1008 1532 pararetur,
1024 1462 1101 1510 mox

82 1530 184 1596 eadem
197 1533 301 1597 ecriirs
316 1534 470 1603 volvens:
493 1534 636 1598 faciliore
651 1534 734 1598 inter
753 1537 855 1600 malos
876 1552 1036 1599 consensu
1059 1531 1101 1596 ad

85 1614 204 1699 bellum,
218 1621 317 1702 quem
329 1617 361 1681 in
377 1639 455 1702 paca
471 1620 511 1684 ad
525 1619 742 1684 concordiam.

21 1704 22 1717 ¹
120 1702 184 1768 LV.
206 1703 371 1768 Inferioris
387 1718 492 1770 tantan
513 1706 696 1770 Germaniae
719 1705 860 1792 legiones
883 1703 1011 1769 solenni
1036 1703 1103 1767 Ka-

85 1785 244 1854 lendarum
269 1790 500 1856 Januariarum
526 1800 726 1855 sacramento
753 1810 810 1873 pro
839 1791 944 1855 Galbis
972 1790 1102 1868 edocte,

84 1875 178 1937 multe
200 1875 405 1941 cunctatione
430 1886 460 1940 et
482 1877 561 1940 raris
582 1876 763 1959 primorum
783 1876 934 1940 ordinum
949 1873 1102 1938 vocibus:

84 1959 170 2026 ceteri
193 1960 321 2027 silentio
342 1960 483 2045 proximi
507 1961 666 2046 cujusque
690 1960 860 2026 audaciam
875 1969 1102 2046 expectentes:

85 2042 172 2109 insite
186 2049 375 2113 mortalibus
389 2048 515 2128 naturai,
530 2049 664 2146 propere
679 2048 779 2131 sequi,
793 2067 866 2132 quse
887 2048 975 2132 piget
992 2044 1105 2109 incho-

85 2148 141 2195 ere.
183 2132 248 2198 Sed
276 2134 354 2216 ipsis
381 2133 562 2220 legionibus
586 2144 691 2197 ruerat
718 2134 886 2198 diversitas
910 2133 1103 2198 animorum.

85 2213 220 2282 Primani
230 2217 444 2302 quintanique
458 2220 576 2283 turbidi
589 2219 678 2299 odeo,
693 2229 730 2283 ut
742 2220 876 2304 quidam
889 2239 968 2283 saxa
981 2216 1016 2282 in
1027 2218 1104 2280 Gal·

84 2299 158 2364 beei
212 2303 303 2369 eines
320 2304 475 2385 jecerint:
498 2305 738 2388 quintadecima
760 2326 798 2370 ac
858 2304 1039 2369 xtodecima
1060 2303 1104 2365 le-

83 2321 296 2487 ςὶοηέῢιίὴίἰ
311 2392 398 2454 ultra
411 2389 575 2455 fremitum
589 2400 621 2455 et
635 2392 741 2455 minas
752 2323 987 2472 ansdflnitium
997 2405 1104 2453 erum-

83 2471 173 2553 pendi
187 2469 506 2562 circumspectabant.
545 2477 594 2541 'At
608 2477 643 2544 in
658 2475 959 2561 superiori,·quarta
974 2495 1012 2538 ac
1026 2472 1106 2536 diro·

84 2554 271 2624 devicesima
285 2562 437 2647 legiones,
464 2560 580 2626 iisdem
594 2563 747 2647 hybernis
762 2561 936 2642 tendentes,
953 2561 1022 2645 ipso
1036 2560 1105 2623 Ka·

85 2641 250 2710 lendarum
263 2647 494 2711 Janueriarum
508 2647 569 2727 die,
586 2646 778 2731 dirumpunt
791 2648 949 2733 imagines
965 2646 1079 2709 Galboe
1094 2667 1103 2711 r

21 2797 23 2804 ‚
84 2740 191 2808 quarta
217 2732 303 2818 legio
325 2732 489 2815 promtius,
515 2731 777 2799 duodevicesima
801 2741 1000 2812 cunctanter,
1025 2750 1106 2797 mox

77 2831 247 2882 consensu.
284 2820 343 2898 Ac,
355 2837 396 2881 ne
408 2819 621 2884 reverentiam
632 2819 762 2903 Imperii
773 2838 892 2883 exuere
903 2817 1101 2898 viderentur,

21 2927 23 2934 ,
86 2897 226 2968 denaris
248 2904 440 2991 Populiqtre
509 2908 608 2969 mani
629 2906 797 2970 obliterata
814 2905 882 2986 jam
903 2902 1038 2967 nomina
1052 2920 1102 2964 sa·

21 3027 22 3030 ,
86 3000 240 3052 cremento
255 2983 475 3055 advocabant:
524 2991 592 3054 ullo
613 2991 811 3075 Legatorum
833 2989 1104 3053 'I'ribunorumve
1143 3061 1147 3072 β

21 3099 23 3142 t
85 3086 139 3151 pro
153 3074 257 3138 Galbe
272 3075 403 3156 nitente,
419 3068 623 3159 quibusdem,
646 3078 732 3141 utin
754 3075 906 3155 tumultu,
928 3072 1104 3138 notabilibs

86 3147 307 3262 turbantibus.)
336 3161 411 3224 Non
429 3171 535 3226 tamen
550 3157 723 3258 quisquam
736 3161 771 3225 in
786 3160 922 3225 modum
935 3153 1104 3256 concionis

21 3255 23 3328 t
86 3257 233 3329 suggestu
256 3241 404 3311 locutus:
436 3266 542 3332 neque
570 3267 660 3312 enim
686 3256 755 3312 erat
778 3246 895 3327 adhuc,
921 3247 976 3311 cui
998 3264 1103 3331 rrnpu·

87 3332 224 3401 teretur„

58 3367 205 3560 dfilvl.
227 3418 395 3500 Spectator
405 3416 517 3506 flagitii
529 3418 735 3482 Hordeonius
745 3418 895 3497 Flaccus,
909 3417 1100 3481 Consularis

21 3489 23 3538 ⁵
108 3581 113 3594 .
131 3510 229 3582 gatus,
244 3503 363 3583 aderat,
377 3524 441 3568 non
454 3523 656 3587 compescere
667 3514 804 3583 ruentes,
817 3522 882 3566 non
894 3503 1030 3567 retinere
1041 3503 1100 3567 du·

21 3637 23 3646 ,
86 3578 159 3664 bros,
173 3607 238 3651 non
253 3590 413 3654 cohortari
428 3590 529 3654 bonos
549 3610 666 3654 eussrs:
688 3589 745 3653 sed
766 3588 882 3675 segnis,
903 3588 1050 3669 pavidos,
1066 3595 1098 3648 et

21 3715 22 3732 ,
87 3672 225 3742 noerdit
234 3674 399 3742 diescens.
440 3678 593 3749 Quntuor
604 3673 818 3739 Centuriones
832 3670 1101 3737 duodevicesimae

1137 3885 1153 3918 A
