2392 4050
50 197 81 265 A.
94 198 199 286 Cib]
309 197 769 265 Macchabaeorum.
1001 198 1044 264 83

50 370 128 436 civile
141 372 264 437 bellurn
281 372 471 459 legionibus,
493 380 582 457 terga
603 368 814 435 nudarentur.
858 368 976 437 Titum
998 372 1046 438 in·

50 469 115 521 stare
127 458 256 538 Judaeae,
271 459 504 542 Vespasianum
520 455 663 521 obtinere
677 458 816 521 claustra
830 456 965 541 AEgypti
979 460 1046 543 pla·

50 544 111 606 cuit.
151 544 306 609 Sufficere
320 544 511 609 ridebantur
526 542 678 606 adversus
692 542 860 607 Vitellium
873 561 946 626 pars
961 543 1047 628 copi·

49 647 125 693 arum
138 641 169 693 et
182 629 263 693 Dux
281 630 456 695 Mucianus
477 638 510 692 et
531 626 721 710 Vespasiani
743 646 873 709 nomen,
899 648 937 694 ec
961 628 1047 694 nihil

49 715 171 779 arduum
190 714 274 779 fatis.
317 715 369 779 Ad
382 732 494 780 omncs
516 712 677 777 exercitus
790 722 902 797 toque
923 714 1048 800 scripta

47 799 181 881 epistolae,
193 812 462 884 praeceptumque,
473 806 521 863 ‘ut
532 797 744 863 Praetorianos
785 798 1048 882 iteilioinfensos,

48 885 248 968 reciperandae
263 886 383 953 miiitiae
397 885 529 970 praemio
544 883 739 948 invitarent!
968 893 972 902 ’

80 970 267 1037 LXXXIII.
290 973 464 1037 Mucianus
478 990 554 1034 cum
565 969 714 1053 expediti
728 989 837 1051 mann,
847 969 973 1037 socium
983 990 1049 1038 ma·

46 1053 229 1139 gislmperii,
244 1060 343 1141 quarn
357 1057 540 1121 ministrum
555 1075 664 1142 agens,
677 1073 745 1119 non
761 1057 847 1120 lento
870 1056 991 1139 itinere,
1006 1077 1049 1122 ne

45 1140 1052 1227 cunctarivideretur,nequetamenproperans,giiscereiamam
1171 1135 1172 1164 ³

45 1225 102 1307 ipso
114 1228 217 1310 spatio
231 1229 376 1294 sinebat:
397 1247 528 1315 gnarus,
543 1227 686 1291 modicas
701 1227 785 1291 vires
798 1227 868 1307 sibi,
883 1238 914 1293 et
928 1228 1052 1311 majora

45 1312 174 1376 credide
188 1316 381 1380 absentibus.
425 1312 491 1379 Sed
505 1312 590 1399 legio
604 1321 736 1380 sexteet
749 1311 903 1378 tredecim
916 1316 1051 1380 vexilla-

27 1395 155 1482 triomm
168 1399 273 1464 miliia
295 1399 418 1486 ingenti
442 1397 573 1484 agmine
597 1398 821 1482 sequebantur.
864 1401 1008 1465 Classem
1031 1421 1051 1466 e

44 1481 135 1548 Ponto
147 1485 342 1569 Byzantium
355 1485 442 1569 adigi
452 1484 609 1566 jusserat:
632 1483 804 1570 ambiguus
814 1485 949 1568 consibi,
960 1505 1051 1566 num,

44 1569 150 1634 omissa
165 1571 292 1654 Moesiai,
316 1569 560 1654 Dyrrhachium
573 1568 678 1653 pedite
700 1581 795 1653 atque
814 1570 931 1655 equite,
953 1572 1051 1639 simui

44 1652 137 1743 longis
152 1658 293 1721 navibus
314 1677 445 1720 versum
465 1656 501 1719 in
526 1655 654 1720 Italiam
677 1675 764 1719 mare
787 1655 960 1737 clauderet,
982 1658 1052 1722 tuta

43 1756 117 1820 pone
142 1753 271 1829 tergum
284 1742 406 1807 Achaiai
421 1740 583 1823 Asiaique:
605 1759 687 1825 quas
708 1740 845 1807 inermes
866 1739 985 1826 eirponi
999 1743 1053 1807 Vi·
1171 1757 1172 1762 ’

43 1827 128 1909 tellio,
144 1829 179 1893 ni
193 1828 349 1911 praesidiis
363 1827 585 1891 firmarentur:
608 1836 704 1910 atque
718 1825 826 1909 ipsum
839 1826 1007 1892 Vitellium
1016 1830 1053 1893 in

44 1908 154 1977 incerto
168 1913 245 1993 fore,
258 1933 357 1996 quam
377 1922 500 1995 partem
514 1911 616 1976 ltalia
630 1931 688 1996 pro
760 1921 817 1993 ret,
831 1913 860 1977 si
874 1911 935 1976 sibi
949 1913 1054 1978 Brun·

42 1994 154 2064 disium
169 1999 414 2084 Tarentumque
427 2006 458 2063 et
473 1996 626 2063 Lucaniae
649 1998 729 2065 Cala
750 1999 871 2083 riteque
885 1996 993 2063 littora
1005 1998 1054 2065 in·

44 2080 121 2149 iestis
135 2085 293 2150 classibus
306 2094 497 2169 peterentur.

79 2170 268 2238 LXXXIV.
290 2171 393 2256 igitur
414 2170 559 2248 navium,
574 2170 723 2252 militurn,
745 2186 918 2252 armorum,
940 2181 1055 2255 paratu

45 2262 175 2340 strepere
204 2257 387 2339 provincia.
441 2255 507 2323 Sed
535 2253 620 2320 nihil
648 2256 740 2340 aque
768 2256 929 2343 fatigabat,
957 2259 1055 2341 quim

44 2342 250 2420 pecuniarum
270 2341 481 2426 conquisitio:
505 2347 577 2403 ‘eos
602 2361 671 2406 esse
695 2341 773 2407 beili
800 2341 907 2409 civitis
929 2344 1057 2409 nervos’

42 2423 184 2492 dIctitans
201 2427 381 2509 Mucianus,
396 2447 462 2491 non
475 2426 530 2508 jus
544 2435 730 2491 antrorum
750 2427 785 2493 in
806 2427 1055 2514 cognitionibus,

43 2512 93 2576 sed
105 2514 209 2579 solam
224 2513 481 2599 magnitudinem
501 2530 602 2593 opum
614 2513 784 2596 spectabat
828 2513 953 2579 Passim
970 2514 1056 2578 dala-

44 2597 160 2664 tionas:
182 2611 214 2663 et
227 2598 499 2681 locupletissimus
520 2597 657 2682 quisque
677 2599 712 2662 in
733 2597 876 2681 praedam
898 2599 1056 2683 correpti:

44 2702 113 2764 quar
126 2684 241 2771 gravia
263 2695 358 2769 atquc
379 2684 587 2761 intoleranda,
609 2683 666 2749 aad
687 2684 873 2750 necessitate
894 2704 1058 2751 armorum

43 2781 199 2850 creusam,
213 2771 310 2835 etiam
324 2770 359 2835 in
374 2788 453 2852 pace
471 2769 640 2837 mansere:
663 2770 733 2853 ipso
747 2769 952 2855 Vespasiano,
974 2771 1058 2836 inter

44 2852 130 2920 initia
143 2855 284 2940 Imperii,
299 2856 340 2920 ad
351 2855 541 2920 obtinendas
555 2853 740 2940 iniquitates
753 2855 842 2921 haud
857 2855 988 2940 perinde
1003 2858 1058 2921 ob

44 2945 195 3011 stinantc:
216 2942 320 3006 donec
334 2941 538 3027 indulgentia
552 2941 706 3006 Fortuna
720 2950 753 3005 et
767 2942 875 3025 pravis
896 2941 1058 3027 magistus

44 3027 150 3093 didicit
164 3047 326 3111 aususque
340 3038 397 3091 est.
440 3027 581 3110 Propriis
606 3044 734 3111 quoque
746 3027 860 3109 opibus
883 3027 1059 3092 Mucianus

46 3113 162 3179 bellurn
172 3113 267 3195 juvit,
283 3115 393 3199 largus
406 3112 566 3195 privatim,
580 3112 668 3195 qubd
680 3112 804 3177 avidius
818 3113 859 3178 de
880 3111 1060 3196 Republica

45 3212 188 3265 sumeret.
232 3199 336 3263 Ceteri
351 3197 619 3263 conferendarum
639 3198 852 3282 pecuniarum
873 3200 1059 3282 exemplum

46 3286 157 3351 secuti:
182 3285 364 3348 rarissimus
378 3285 513 3368 quiaque
527 3283 663 3350 eandem
676 3282 712 3349 in
733 3282 939 3366 reciperando
960 3285 1060 3351 licen-

48 3370 123 3435 tiam
140 3372 332 3435 babuerunt.

89 3456 257 3523 LXXXV.
280 3455 466 3521 Accelerata
479 3454 610 3521 interim
617 3454 804 3540 Vespasiani
813 3469 927 3541 crepta,
935 3456 1064 3542 Illyrici.

47 3543 197 3608 exercitus
206 3541 322 3621 studio,
333 3542 521 3628 transgressi
530 3540 564 3604 in
576 3550 691 3624 partes.
735 3538 1061 3626 I'ertialegioexem·

50 3628 135 3707 plum
148 3628 261 3692 ceteris
276 3625 400 3691 Moesiae
416 3627 597 3713 legionibus
612 3624 756 3709 praebuit.
799 3627 924 3692 Octava
941 3636 1009 3689 erat
1023 3641 1061 3686 ac

49 3713 177 3797 repom
190 3713 382 3797 Claudiana,
396 3711 527 3778 imbuta
540 3710 651 3776 favore
663 3710 812 3791 Othonis,
822 3709 971 3795 quamvis
981 3725 1062 3790 prm·
