2392 4050
76 221 110 285 d.
124 221 227 311 cua]
334 215 581 302 Hrsr‘bsaLng
591 217 792 296 §munus
1027 224 1071 287 49
1110 287 1117 300 ,

75 395 231 458 conamina
253 390 421 457 communi
445 394 581 458 utilitate
609 393 811 460 aboleverat:
833 393 950 457 naturai
976 403 1071 478 atque

20 443 26 528 l
74 490 130 541 arte
142 480 332 563 compositus
347 479 525 543 alliciendis
539 480 637 543 ctiam
648 479 792 543 Muciani
803 479 953 544 moribus
997 481 1072 544 Tri·

73 564 141 628 buui
155 565 426 648 centurionesque
439 573 471 627 et
485 567 605 649 vulgus
624 563 773 646 militurn,
794 563 962 646 industria,
976 565 1074 630 licen·

73 648 119 730 tit,
132 670 184 734 per
198 651 341 732 virtutes,
356 668 411 734 per
425 651 616 739 voluptates,
630 658 668 714 ut
678 651 795 733 cuique
806 650 984 737 ingenium,
994 651 1073 715 asci-

72 737 236 801 scebantur.
575 795 577 800 ,

20 827 21 852 ¹
109 821 158 885 tl.
179 824 362 904 Antequam
374 822 472 887 Titus
481 822 675 901 adventaret,
686 830 924 886 sacramentum
934 822 1073 886 Othonis

72 919 222 991 acceperat
236 917 371 989 uterque
385 908 553 985 exercitus,
567 908 663 989 praec'
688 906 793 986 itibus,
808 916 845 971 ut
856 908 979 988 assolet,
991 927 1075 971 nun·

20 1063 21 1070 p
72 991 125 1073 tiis,
138 1004 167 1057 et
180 992 270 1057 tardi
284 993 369 1056 mole
383 992 488 1057 civilis
499 992 585 1073 belli,
599 1011 644 1075 qu
697 992 795 1079 longa
804 993 973 1057 eoncordia
985 994 1075 1077 quia·

72 1086 117 1140 tns
129 1079 241 1144 Oriens
255 1091 334 1142 tunc
348 1079 487 1162 primdm
500 1080 639 1161 parabat.
684 1077 832 1159 Namque
846 1078 926 1142 olim
945 1078 1074 1144 validis·

70 1163 143 1226 sima
161 1165 243 1228 inter
266 1183 301 1227 se
326 1164 570 1243 cinomanna,
594 1163 629 1226 in
652 1162 746 1226 ltalia
770 1162 930 1245 Gallitae,
951 1165 1074 1229 viribus

72 1248 244 1313 Occidentis
258 1257 372 1331 coepta.
415 1250 461 1313 Et
476 1249 638 1332 Pompeio,
661 1248 780 1329 Cassio,
795 1249 905 1328 Bruto,
920 1250 1072 1330 Antonio,

70 1351 265 1414 quosomnes
279 1344 368 1399 trans
381 1343 628 1409 maresecutum
652 1343 700 1397 est
713 1335 810 1398 civile
832 1334 963 1415 bellum,
986 1334 1075 1401 baud
1177 1363 1178 1372 ¹

70 1421 199 1503 prosperi
214 1420 321 1484 exitus
341 1419 475 1484 fuerant.
518 1419 694 1502 Auditiqnc
715 1421 827 1503 sepius
850 1420 886 1483 in
910 1420 1003 1504 Syria
1019 1422 1075 1485 Ju-

20 1515 21 1518 ’
70 1502 190 1588 dacique
205 1507 358 1585 Oaesares,
369 1508 467 1587 quim
475 1505 620 1589 inspecti.
654 1505 920 1570 Nullaseditiole
943 1505 1073 1571 ionum:

20 1673 21 1680 ἵ
70 1595 183 1655 tantum
196 1591 346 1655 adversus
362 1591 495 1656 Parthos
516 1592 622 1670 mina,
635 1592 726 1655 vario
740 1602 869 1655 eventu.
913 1526 1076 1675 {approxi-

70 1677 216 1741 mocirili
236 1677 330 1756 bello,
353 1678 486 1741 turbatis
506 1676 587 1756 aliis,
610 1676 803 1740 inconcussa
825 1676 870 1740 ibi
892 1694 976 1759 pax:
997 1677 1074 1741 dein

70 1757 141 1825 fides
165 1782 241 1848 erga
267 1762 415 1826 Galbam.
459 1762 548 1841 Mox,
570 1769 616 1841 ut,
641 1761 823 1827 ‘Othonem
845 1780 884 1824 ac
909 1762 1075 1827 Vitellium
1150 1763 1155 1774 '

70 1848 198 1912 scelestis
212 1848 310 1910 armis
323 1866 375 1909 res
389 1846 550 1911 Romanas
564 1855 693 1928 raptum
706 1846 773 1927 ire‚’
785 1848 956 1932 vulgatum
965 1855 1021 1927 est,
1033 1867 1075 1911 ne

69 1948 157 2012 penes
167 1943 287 1997 ceteros
301 1931 433 2014 Imperii
447 1931 588 2016 praernia,
604 1950 702 2013 penes
716 1914 801 2014 ipsos
815 1932 938 1995 tantum
952 1931 1075 1995 servitii

70 2020 230 2083 necessitas
243 2027 335 2098 esset,
349 2016 483 2082 fremere
495 2017 588 2082 miles
597 2027 629 2080 et
638 2016 723 2081 vires
734 2036 809 2082 suas
820 2016 1074 2101 circumspicere.

20 2164 21 2173 ,
70 2102 190 2186 Septem
203 2105 345 2188 legiones
360 2105 468 2169 statim
480 2113 513 2165 et
533 2123 611 2168 cum
630 2103 814 2188 ingentibus
834 2103 965 2169 auxiliis
980 2103 1075 2188 Syria

20 2260 21 2263 Ἴ
71 2187 257 2273 Judaeaque:
280 2189 356 2253 inde
383 2188 538 2253 continua
561 2190 723 2274 AEgyptns
746 2189 884 2272 duaque
909 2189 1073 2275 legiones:

20 2286 21 2317 l
70 2270 138 2339 hinc
152 2275 353 2357 Cappadocia
366 2275 551 2357 Pontusque
561 2285 593 2336 et
604 2273 758 2357 quicquid
772 2288 948 2340 castrorum
962 2277 1074 2341 Arme-

20 2360 21 2367 ’
70 2358 125 2422 niis
138 2360 353 2442 praetenditur.
397 2360 477 2425 Asia
489 2370 521 2424 et
533 2369 645 2423 ceterae
658 2360 839 2442 provincie,
855 2381 915 2424 nec
927 2361 1073 2424 virorum

71 2441 171 2528 inopes
192 2455 224 2509 et
246 2445 391 2529 pecunie
413 2446 590 2528 opulenta:
612 2454 772 2527 quantum
789 2447 970 2510 insularum
991 2446 1074 2509 mari

70 2529 210 2620 cingitur,-
230 2543 261 2594 et
275 2529 416 2615 parando
442 2530 572 2594 interim
592 2530 677 2594 bello
698 2529 879 2595 secundum
903 2540 1073 2614 tutumque

69 2629 167 2680 rsum
176 2637 273 2681 mare.
1069 2650 1072 2669 ·

27 2631 98 2846 ἦ
106 2701 172 2765 VII.
196 2703 270 2766 Non
284 2700 413 2765 fallebat
428 2700 538 2764 Duces
549 2692 687 2783 impetus
698 2701 853 2766 militum:
876 2700 941 2780 sed,
952 2671 1073 2768 bellan

81 2785 145 2850 rbus
158 2788 237 2866 aliis,
253 2787 375 2872 placuit
388 2785 550 2869 expectari
564 2787 641 2849 belli
664 2787 808 2851 exitum:
832 2787 988 2851 ‘victores
1008 2791 1074 2855 vic·

69 2877 170 2953 tosque
183 2892 352 2956 nunquam
366 2871 469 2936 solido
491 2870 555 2934 lide
576 2872 774 2938 coalescere:
796 2891 857 2937 nec
880 2872 1004 2955 referre,
1020 2875 1074 2938 Vi-

70 2956 185 3021 tellium
198 2980 239 3024 an
252 2959 416 3023 Othonem
429 2957 631 3039 superstitem
642 2958 786 3022 Fortuna
797 2958 920 3022 faceret.
963 2959 1073 3025 Rebus

70 3044 208 3106 secundis
233 3044 331 3108 etiarn
352 3043 498 3129 egregios
513 3042 623 3105 Duces
648 3043 858 3107 insolescere:
881 3043 1075 3111 discordiam

20 3162 21 3171 κ
70 3122 122 3204 his,
137 3128 306 3214 ignaviam,
328 3129 509 3192 luxuriem:
532 3139 563 3190 et
580 3127 714 3191 suismet
727 3128 814 3192 vitiis
829 3130 965 3194 alterum
978 3131 1072 3214 bello,

70 3211 195 3278 alterum
209 3213 344 3279 victoria
359 3213 557 3296 periturum!
601 3214 704 3300 Igitur
722 3233 810 3278 arma
823 3214 858 3278 in
872 3216 1074 3284 occasionem

20 3354 21 3369 ,
69 3293 219 3381 distulere,
245 3301 460 3381 Vespasianus
480 3297 717 3382 Mucianusque
742 3319 853 3384 nuper,
876 3301 970 3365 ceteri
994 3304 1074 3369 olim

20 3376 21 3461 l
70 3381 168 3450 mixtis
195 3386 359 3450 consiliis:
394 3383 534 3469 optimus
557 3382 695 3467 quisque
720 3405 826 3449 amore
854 3385 1071 3468 Reipublicae:

20 3514 21 3535 r
70 3469 177 3534 multos
203 3470 342 3538 dulcedo
367 3468 549 3554 praedarum
573 3469 774 3553 stimulabat3
808 3471 887 3535 alios
913 3472 1073 3560 ambigue

20 3544 21 3589 Ὗ
70 3549 148 3618 dorni
166 3576 224 3622 res.
267 3559 317 3621 Ita
331 3557 406 3620 boni
429 3555 569 3638 malique
593 3555 698 3620 causis
718 3555 860 3639 diversis,
875 3556 1015 3641 studiop
1064 3569 1085 3636 ‚'
1105 3544 1165 3628 ΐ)

20 3660 21 3663 “
71 3634 303 3707 bellumomues
318 3642 499 3726 cupiebant.
635 3725 642 3738 ι
836 3725 842 3737 ι
912 3578 1136 3788 y
1173 3640 1178 3681 ¹

108 3724 189 3791 v111.
212 3730 282 3794 Sub
295 3727 383 3793 idem
397 3737 523 3810 tempus
539 3724 665 3873 Aphara
679 3735 773 3810 atque
787 3726 866 3791 Asta
878 3723 911 3789 fa
923 3743 959 3787 so
972 3730 1073 3785 exter·
