<?xml version="1.0" encoding="UTF-8"?>
<!DOCTYPE html PUBLIC "-//W3C//DTD XHTML 1.0 Transitional//EN"
    "http://www.w3.org/TR/xhtml1/DTD/xhtml1-transitional.dtd">
<html xmlns="http://www.w3.org/1999/xhtml" xml:lang="en" lang="en">
 <head>
  <title>
</title>
<meta http-equiv="Content-Type" content="text/html;charset=utf-8" />
  <meta name='ocr-system' content='tesseract 3.04.00' />
  <meta name='ocr-capabilities' content='ocr_page ocr_carea ocr_par ocr_line ocrx_word'/>
</head>
<body>
  <div class='ocr_page' id='page_1' title='image "./ccorneliitaciti37tacigoog_0066.png"; bbox 0 0 2392 4050; ppageno 0'>
   <div class='ocr_carea' id='block_1_1' title="bbox 10 202 1094 295">
    <p class='ocr_par' dir='ltr' id='par_1_1' title="bbox 10 202 1094 295">
     <span class='ocr_line' id='line_1_1' title="bbox 10 202 1094 295; baseline -0.003 -24"><span class='ocrx_word' id='word_1_1' title='bbox 10 240 12 287; x_wconf 46' lang='grc' dir='ltr'><strong><em>ξ</em></strong></span> <span class='ocrx_word' id='word_1_2' title='bbox 91 206 122 270; x_wconf 83' lang='lat' dir='ltr'><strong>ll.</strong></span> <span class='ocrx_word' id='word_1_3' title='bbox 135 204 168 271; x_wconf 92' lang='lat' dir='ltr'><strong>C.</strong></span> <span class='ocrx_word' id='word_1_4' title='bbox 183 206 247 295; x_wconf 63' lang='grc'><strong>69]</strong></span> <span class='ocrx_word' id='word_1_5' title='bbox 378 204 791 270; x_wconf 78' lang='lat' dir='ltr'><strong>Hrsnoa.Lra.Pa1rsus.</strong></span> <span class='ocrx_word' id='word_1_6' title='bbox 1047 202 1094 268; x_wconf 77' lang='lat'><strong>29</strong></span> 
     </span>
    </p>
   </div>
   <div class='ocr_carea' id='block_1_2' title="bbox 10 375 1188 3374">
    <p class='ocr_par' dir='ltr' id='par_1_2' title="bbox 89 375 1093 547">
     <span class='ocr_line' id='line_1_2' title="bbox 91 375 1093 461; baseline 0.002 -19"><span class='ocrx_word' id='word_1_7' title='bbox 91 377 196 442; x_wconf 89' lang='lat' dir='ltr'><strong>cundia</strong></span> <span class='ocrx_word' id='word_1_8' title='bbox 207 377 375 458; x_wconf 76' lang='lat' dir='ltr'><strong>exercitus,</strong></span> <span class='ocrx_word' id='word_1_9' title='bbox 397 386 552 461; x_wconf 80' lang='lat' dir='ltr'><strong>tanquam</strong></span> <span class='ocrx_word' id='word_1_10' title='bbox 566 378 689 441; x_wconf 82' lang='lat' dir='ltr'>crimen</span> <span class='ocrx_word' id='word_1_11' title='bbox 705 398 743 442; x_wconf 89' lang='lat' dir='ltr'><strong>ac</strong></span> <span class='ocrx_word' id='word_1_12' title='bbox 766 396 844 441; x_wconf 86' lang='lat' dir='ltr'><strong>mcx</strong></span> <span class='ocrx_word' id='word_1_13' title='bbox 859 375 990 440; x_wconf 76' lang='lat' dir='ltr'><strong>insidias</strong></span> <span class='ocrx_word' id='word_1_14' title='bbox 1005 380 1093 443; x_wconf 86' lang='lat' dir='ltr'><strong>Fon·</strong></span> 
     </span>
     <span class='ocr_line' id='line_1_3' title="bbox 89 462 1090 547; baseline 0.002 -21"><span class='ocrx_word' id='word_1_15' title='bbox 89 464 142 528; x_wconf 90' lang='lat' dir='ltr'><strong>teio</strong></span> <span class='ocrx_word' id='word_1_16' title='bbox 156 464 302 547; x_wconf 84' lang='lat' dir='ltr'><strong>Capitoni</strong></span> <span class='ocrx_word' id='word_1_17' title='bbox 315 464 492 530; x_wconf 78' lang='lat' dir='ltr'><strong>struxisset.</strong></span> <span class='ocrx_word' id='word_1_18' title='bbox 537 465 639 529; x_wconf 87' lang='lat' dir='ltr'><strong>Grata</strong></span> <span class='ocrx_word' id='word_1_19' title='bbox 653 473 719 528; x_wconf 89' lang='lat' dir='ltr'><strong>erat</strong></span> <span class='ocrx_word' id='word_1_20' title='bbox 738 462 893 527; x_wconf 82' lang='lat' dir='ltr'><strong>memoria</strong></span> <span class='ocrx_word' id='word_1_21' title='bbox 907 463 1090 547; x_wconf 87' lang='lat' dir='ltr'><strong>Capitonis:</strong></span> 
     </span>
    </p>

    <p class='ocr_par' dir='ltr' id='par_1_3' title="bbox 10 549 1094 801">
     <span class='ocr_line' id='line_1_4' title="bbox 10 549 1092 636; baseline -0.001 -21"><span class='ocrx_word' id='word_1_22' title='bbox 10 562 12 615; x_wconf 76' lang='grc' dir='ltr'>ξ</span> <span class='ocrx_word' id='word_1_23' title='bbox 89 558 114 612; x_wconf 87' lang='lat' dir='ltr'><strong>ct</strong></span> <span class='ocrx_word' id='word_1_24' title='bbox 127 551 207 630; x_wconf 91' lang='lat' dir='ltr'><strong>apud</strong></span> <span class='ocrx_word' id='word_1_25' title='bbox 219 549 386 615; x_wconf 87' lang='lat' dir='ltr'><strong>saevientes</strong></span> <span class='ocrx_word' id='word_1_26' title='bbox 407 549 551 613; x_wconf 88' lang='lat' dir='ltr'><strong>occidere</strong></span> <span class='ocrx_word' id='word_1_27' title='bbox 567 550 682 633; x_wconf 77' lang='lat' dir='ltr'><strong>palam,</strong></span> <span class='ocrx_word' id='word_1_28' title='bbox 697 550 862 636; x_wconf 82' lang='lat' dir='ltr'><strong>ignoscere</strong></span> <span class='ocrx_word' id='word_1_29' title='bbox 875 566 941 613; x_wconf 88' lang='lat' dir='ltr'><strong>non</strong></span> <span class='ocrx_word' id='word_1_30' title='bbox 957 549 1019 612; x_wconf 84' lang='lat' dir='ltr'><strong>nisi</strong></span> <span class='ocrx_word' id='word_1_31' title='bbox 1035 549 1092 614; x_wconf 87' lang='lat' dir='ltr'><strong>fal·</strong></span> 
     </span>
     <span class='ocr_line' id='line_1_5' title="bbox 88 634 1094 718; baseline 0.004 -22"><span class='ocrx_word' id='word_1_32' title='bbox 88 634 181 715; x_wconf 92' lang='lat' dir='ltr'><strong>lendo,</strong></span> <span class='ocrx_word' id='word_1_33' title='bbox 195 636 315 700; x_wconf 83' lang='lat' dir='ltr'><strong>licebat.</strong></span> <span class='ocrx_word' id='word_1_34' title='bbox 360 636 410 699; x_wconf 90' lang='lat' dir='ltr'><strong>lta</strong></span> <span class='ocrx_word' id='word_1_35' title='bbox 423 636 458 699; x_wconf 89' lang='lat' dir='ltr'><strong>iu</strong></span> <span class='ocrx_word' id='word_1_36' title='bbox 473 635 618 699; x_wconf 73' lang='lat' dir='ltr'><strong>custodia</strong></span> <span class='ocrx_word' id='word_1_37' title='bbox 633 635 779 699; x_wconf 88' lang='lat' dir='ltr'><strong>habitus:</strong></span> <span class='ocrx_word' id='word_1_38' title='bbox 801 646 833 698; x_wconf 85' lang='lat' dir='ltr'><strong>et</strong></span> <span class='ocrx_word' id='word_1_39' title='bbox 842 645 914 718; x_wconf 91' lang='lat' dir='ltr'><strong>post</strong></span> <span class='ocrx_word' id='word_1_40' title='bbox 924 635 1094 700; x_wconf 86' lang='lat' dir='ltr'><strong>victoriam</strong></span> 
     </span>
     <span class='ocr_line' id='line_1_6' title="bbox 88 716 1092 801; baseline 0.003 -20"><span class='ocrx_word' id='word_1_41' title='bbox 88 719 212 800; x_wconf 89' lang='lat' dir='ltr'><strong>demum,</strong></span> <span class='ocrx_word' id='word_1_42' title='bbox 227 722 332 786; x_wconf 88' lang='lat' dir='ltr'><strong>stratis</strong></span> <span class='ocrx_word' id='word_1_43' title='bbox 344 716 413 801; x_wconf 78' lang='lat' dir='ltr'><strong>jam</strong></span> <span class='ocrx_word' id='word_1_44' title='bbox 424 721 564 785; x_wconf 88' lang='lat' dir='ltr'><strong>militum</strong></span> <span class='ocrx_word' id='word_1_45' title='bbox 576 721 669 800; x_wconf 88' lang='lat' dir='ltr'><strong>odiis,</strong></span> <span class='ocrx_word' id='word_1_46' title='bbox 684 720 835 784; x_wconf 91' lang='lat' dir='ltr'><strong>dimissus</strong></span> <span class='ocrx_word' id='word_1_47' title='bbox 849 730 905 783; x_wconf 89' lang='lat' dir='ltr'><strong>est.</strong></span> <span class='ocrx_word' id='word_1_48' title='bbox 949 720 1092 800; x_wconf 82' lang='lat' dir='ltr'><strong>Interim,</strong></span> 
     </span>
    </p>

    <p class='ocr_par' dir='ltr' id='par_1_4' title="bbox 10 794 1094 1113">
     <span class='ocr_line' id='line_1_7' title="bbox 10 794 1094 891; baseline 0.003 -24"><span class='ocrx_word' id='word_1_49' title='bbox 10 794 119 879; x_wconf 52' lang='lat' dir='ltr'><strong>,affut</strong></span> <span class='ocrx_word' id='word_1_50' title='bbox 127 805 294 886; x_wconf 88' lang='lat' dir='ltr'><strong>piaculum,</strong></span> <span class='ocrx_word' id='word_1_51' title='bbox 304 805 453 887; x_wconf 83' lang='lat' dir='ltr'><strong>objicitur</strong></span> <span class='ocrx_word' id='word_1_52' title='bbox 465 806 619 870; x_wconf 87' lang='lat' dir='ltr'><strong>Centurio</strong></span> <span class='ocrx_word' id='word_1_53' title='bbox 631 804 807 889; x_wconf 87' lang='lat' dir='ltr'><strong>Crispinus,</strong></span> <span class='ocrx_word' id='word_1_54' title='bbox 819 806 1094 891; x_wconf 84' lang='lat' dir='ltr'><strong>quisesanguine</strong></span> 
     </span>
     <span class='ocr_line' id='line_1_8' title="bbox 89 889 1093 975; baseline 0.004 -24"><span class='ocrx_word' id='word_1_55' title='bbox 89 890 238 972; x_wconf 84' lang='lat' dir='ltr'><strong>Capitonis</strong></span> <span class='ocrx_word' id='word_1_56' title='bbox 252 903 495 956; x_wconf 81' lang='lat' dir='ltr'><strong>cruentaverat:</strong></span> <span class='ocrx_word' id='word_1_57' title='bbox 517 892 618 975; x_wconf 72' lang='lat' dir='ltr'><strong>ecqua</strong></span> <span class='ocrx_word' id='word_1_58' title='bbox 639 903 671 956; x_wconf 89' lang='lat' dir='ltr'><strong>et</strong></span> <span class='ocrx_word' id='word_1_59' title='bbox 686 892 922 975; x_wconf 86' lang='lat' dir='ltr'><strong>postulantibus</strong></span> <span class='ocrx_word' id='word_1_60' title='bbox 944 889 1093 956; x_wconf 76' lang='lat' dir='ltr'><strong>manifes</strong></span> 
     </span>
     <span class='ocr_line' id='line_1_9' title="bbox 57 974 536 1113; baseline 0.004 -76"><span class='ocrx_word' id='word_1_61' title='bbox 57 974 140 1113; x_wconf 54' lang='lat' dir='ltr'><strong>for</strong></span> <span class='ocrx_word' id='word_1_62' title='bbox 152 986 181 1040; x_wconf 90' lang='lat' dir='ltr'><strong>et</strong></span> <span class='ocrx_word' id='word_1_63' title='bbox 194 978 342 1060; x_wconf 91' lang='lat' dir='ltr'><strong>punienti</strong></span> <span class='ocrx_word' id='word_1_64' title='bbox 357 978 453 1041; x_wconf 91' lang='lat' dir='ltr'><strong>vilior</strong></span> <span class='ocrx_word' id='word_1_65' title='bbox 467 976 536 1041; x_wconf 83' lang='lat' dir='ltr'><strong>fuit.</strong></span> 
     </span>
    </p>

    <p class='ocr_par' dir='ltr' id='par_1_5' title="bbox 64 1054 1096 1319">
     <span class='ocr_line' id='line_1_10' title="bbox 64 1054 1092 1146; baseline 0.001 -22"><span class='ocrx_word' id='word_1_66' title='bbox 64 1054 99 1141; x_wconf 66' lang='lat' dir='ltr'><em>s</em></span> <span class='ocrx_word' id='word_1_67' title='bbox 123 1061 203 1129; x_wconf 91' lang='lat' dir='ltr'><strong>LIX.</strong></span> <span class='ocrx_word' id='word_1_68' title='bbox 225 1062 334 1127; x_wconf 88' lang='lat' dir='ltr'><strong>Julius</strong></span> <span class='ocrx_word' id='word_1_69' title='bbox 355 1062 472 1141; x_wconf 80' lang='lat' dir='ltr'><strong>deinde</strong></span> <span class='ocrx_word' id='word_1_70' title='bbox 497 1061 612 1126; x_wconf 87' lang='lat' dir='ltr'><strong>Civilis</strong></span> <span class='ocrx_word' id='word_1_71' title='bbox 635 1061 779 1145; x_wconf 84' lang='lat' dir='ltr'><strong>periculo</strong></span> <span class='ocrx_word' id='word_1_72' title='bbox 791 1072 948 1144; x_wconf 87' lang='lat' dir='ltr'><strong>exemtus,</strong></span> <span class='ocrx_word' id='word_1_73' title='bbox 972 1081 1092 1146; x_wconf 76' lang='lat' dir='ltr'><strong>prepo-</strong></span> 
     </span>
     <span class='ocr_line' id='line_1_11' title="bbox 87 1147 1093 1232; baseline 0.008 -26"><span class='ocrx_word' id='word_1_74' title='bbox 87 1153 148 1208; x_wconf 84' lang='lat' dir='ltr'><strong>tens</strong></span> <span class='ocrx_word' id='word_1_75' title='bbox 166 1148 246 1211; x_wconf 89' lang='lat' dir='ltr'><strong>inter</strong></span> <span class='ocrx_word' id='word_1_76' title='bbox 261 1149 409 1230; x_wconf 84' lang='lat' dir='ltr'><strong>Batavos,</strong></span> <span class='ocrx_word' id='word_1_77' title='bbox 424 1167 465 1212; x_wconf 89' lang='lat' dir='ltr'><strong>ne</strong></span> <span class='ocrx_word' id='word_1_78' title='bbox 485 1148 643 1232; x_wconf 91' lang='lat' dir='ltr'><strong>supplicio</strong></span> <span class='ocrx_word' id='word_1_79' title='bbox 657 1147 727 1228; x_wconf 85' lang='lat' dir='ltr'><strong>ejus</strong></span> <span class='ocrx_word' id='word_1_80' title='bbox 741 1150 830 1213; x_wconf 78' lang='lat' dir='ltr'><strong>ferox</strong></span> <span class='ocrx_word' id='word_1_81' title='bbox 866 1168 924 1215; x_wconf 88' lang='lat' dir='ltr'><strong>aas</strong></span> <span class='ocrx_word' id='word_1_82' title='bbox 939 1150 1093 1227; x_wconf 74' lang='lat' dir='ltr'><strong>alienare·</strong></span> 
     </span>
     <span class='ocr_line' id='line_1_12' title="bbox 86 1233 1096 1319; baseline 0.008 -29"><span class='ocrx_word' id='word_1_83' title='bbox 86 1238 141 1294; x_wconf 86' lang='lat' dir='ltr'><strong>tur.</strong></span> <span class='ocrx_word' id='word_1_84' title='bbox 181 1233 224 1296; x_wconf 90' lang='lat' dir='ltr'><strong>Et</strong></span> <span class='ocrx_word' id='word_1_85' title='bbox 238 1244 330 1297; x_wconf 90' lang='lat' dir='ltr'><strong>erant</strong></span> <span class='ocrx_word' id='word_1_86' title='bbox 343 1234 378 1298; x_wconf 92' lang='lat' dir='ltr'><strong>in</strong></span> <span class='ocrx_word' id='word_1_87' title='bbox 394 1234 523 1298; x_wconf 87' lang='lat' dir='ltr'><strong>civitate</strong></span> <span class='ocrx_word' id='word_1_88' title='bbox 538 1233 727 1319; x_wconf 78' lang='lat' dir='ltr'><strong>Lingonum</strong></span> <span class='ocrx_word' id='word_1_89' title='bbox 740 1247 813 1307; x_wconf 89' lang='lat' dir='ltr'><strong>octo</strong></span> <span class='ocrx_word' id='word_1_90' title='bbox 856 1245 1025 1298; x_wconf 84' lang='lat' dir='ltr'><strong>atavorum</strong></span> <span class='ocrx_word' id='word_1_91' title='bbox 1041 1254 1096 1298; x_wconf 88' lang='lat' dir='ltr'><strong>co··</strong></span> 
     </span>
    </p>

    <p class='ocr_par' dir='ltr' id='par_1_6' title="bbox 10 1314 1188 3374">
     <span class='ocr_line' id='line_1_13' title="bbox 18 1314 1092 1403; baseline 0.007 -29"><span class='ocrx_word' id='word_1_92' title='bbox 18 1370 21 1375; x_wconf 88' lang='lat'><strong>.</strong></span> <span class='ocrx_word' id='word_1_93' title='bbox 86 1314 191 1399; x_wconf 86' lang='lat' dir='ltr'><strong>hortas,</strong></span> <span class='ocrx_word' id='word_1_94' title='bbox 221 1320 478 1401; x_wconf 79' lang='lat' dir='ltr'><strong>quartaedecimae</strong></span> <span class='ocrx_word' id='word_1_95' title='bbox 509 1319 647 1403; x_wconf 86' lang='lat' dir='ltr'><strong>legionis</strong></span> <span class='ocrx_word' id='word_1_96' title='bbox 672 1320 803 1398; x_wconf 82' lang='lat' dir='ltr'><strong>auxilia,</strong></span> <span class='ocrx_word' id='word_1_97' title='bbox 831 1330 902 1383; x_wconf 90' lang='lat' dir='ltr'><strong>tum</strong></span> <span class='ocrx_word' id='word_1_98' title='bbox 929 1318 1092 1383; x_wconf 69' lang='lat' dir='ltr'><strong>discordia</strong></span> 
     </span>
     <span class='ocr_line' id='line_1_14' title="bbox 86 1404 1092 1555; baseline 0.008 -94"><span class='ocrx_word' id='word_1_99' title='bbox 86 1409 254 1485; x_wconf 90' lang='lat' dir='ltr'><strong>temporum</strong></span> <span class='ocrx_word' id='word_1_100' title='bbox 267 1427 289 1469; x_wconf 88' lang='lat' dir='ltr'><strong>a</strong></span> <span class='ocrx_word' id='word_1_101' title='bbox 303 1406 430 1490; x_wconf 84' lang='lat' dir='ltr'><strong>legione</strong></span> <span class='ocrx_word' id='word_1_102' title='bbox 444 1405 602 1492; x_wconf 84' lang='lat' dir='ltr'><strong>digressae,</strong></span> <span class='ocrx_word' id='word_1_103' title='bbox 609 1416 711 1555; x_wconf 77' lang='lat' dir='ltr'><strong>prout</strong></span> <span class='ocrx_word' id='word_1_104' title='bbox 732 1405 950 1484; x_wconf 72' lang='lat' dir='ltr'><strong>inclinassent,</strong></span> <span class='ocrx_word' id='word_1_105' title='bbox 969 1404 1092 1491; x_wconf 86' lang='lat' dir='ltr'><strong>grande</strong></span> 
     </span>
     <span class='ocr_line' id='line_1_15' title="bbox 69 1491 1093 1570; baseline 0.009 -23"><span class='ocrx_word' id='word_1_106' title='bbox 69 1500 271 1554; x_wconf 55' lang='lat' dir='ltr'><strong>¹momentum</strong></span> <span class='ocrx_word' id='word_1_107' title='bbox 284 1492 377 1556; x_wconf 87' lang='lat' dir='ltr'><strong>sociae</strong></span> <span class='ocrx_word' id='word_1_108' title='bbox 393 1503 450 1554; x_wconf 88' lang='lat' dir='ltr'><strong>aut</strong></span> <span class='ocrx_word' id='word_1_109' title='bbox 463 1491 611 1556; x_wconf 81' lang='lat' dir='ltr'><strong>adversae.</strong></span> <span class='ocrx_word' id='word_1_110' title='bbox 656 1491 809 1570; x_wconf 88' lang='lat' dir='ltr'><strong>Nonium,</strong></span> <span class='ocrx_word' id='word_1_111' title='bbox 826 1492 1012 1570; x_wconf 87' lang='lat' dir='ltr'><strong>Donatinm,</strong></span> <span class='ocrx_word' id='word_1_112' title='bbox 1029 1491 1093 1556; x_wconf 90' lang='lat' dir='ltr'><strong>Rc·</strong></span> 
     </span>
     <span class='ocr_line' id='line_1_16' title="bbox 86 1571 1092 1660; baseline 0.009 -28"><span class='ocrx_word' id='word_1_113' title='bbox 86 1571 209 1655; x_wconf 89' lang='lat' dir='ltr'><strong>milium,</strong></span> <span class='ocrx_word' id='word_1_114' title='bbox 224 1577 449 1659; x_wconf 88' lang='lat' dir='ltr'><strong>Calpurnium,</strong></span> <span class='ocrx_word' id='word_1_115' title='bbox 465 1574 687 1655; x_wconf 83' lang='lat' dir='ltr'><strong>Centuriones,</strong></span> <span class='ocrx_word' id='word_1_116' title='bbox 712 1577 882 1660; x_wconf 89' lang='lat' dir='ltr'><strong>dequibus</strong></span> <span class='ocrx_word' id='word_1_117' title='bbox 896 1578 994 1659; x_wconf 72' lang='lat' dir='ltr'><strong>supra</strong></span> <span class='ocrx_word' id='word_1_118' title='bbox 1008 1587 1092 1641; x_wconf 87' lang='lat' dir='ltr'><strong>retu·</strong></span> 
     </span>
     <span class='ocr_line' id='line_1_17' title="bbox 86 1655 1091 1769; baseline 0.009 -52"><span class='ocrx_word' id='word_1_119' title='bbox 86 1655 182 1750; x_wconf 83' lang='lat' dir='ltr'><strong>limus,</strong></span> <span class='ocrx_word' id='word_1_120' title='bbox 201 1662 306 1725; x_wconf 92' lang='lat' dir='ltr'><strong>occidi</strong></span> <span class='ocrx_word' id='word_1_121' title='bbox 323 1661 429 1769; x_wconf 54' lang='lat' dir='ltr'><strong>jnpgit,</strong></span> <span class='ocrx_word' id='word_1_122' title='bbox 451 1661 619 1726; x_wconf 89' lang='lat' dir='ltr'><strong>damnatos</strong></span> <span class='ocrx_word' id='word_1_123' title='bbox 641 1662 715 1725; x_wconf 89' lang='lat' dir='ltr'><strong>fidei</strong></span> <span class='ocrx_word' id='word_1_124' title='bbox 730 1663 876 1742; x_wconf 84' lang='lat' dir='ltr'><strong>crimine,</strong></span> <span class='ocrx_word' id='word_1_125' title='bbox 899 1663 1091 1747; x_wconf 84' lang='lat' dir='ltr'><strong>gravissimo</strong></span> 
     </span>
     <span class='ocr_line' id='line_1_18' title="bbox 86 1745 1091 1831; baseline 0.009 -29"><span class='ocrx_word' id='word_1_126' title='bbox 86 1751 159 1806; x_wconf 78' lang='lat' dir='ltr'><strong>iuter</strong></span> <span class='ocrx_word' id='word_1_127' title='bbox 178 1745 398 1811; x_wconf 85' lang='lat' dir='ltr'><strong>desciscentes.</strong></span> <span class='ocrx_word' id='word_1_128' title='bbox 441 1748 615 1812; x_wconf 70' lang='lat' dir='ltr'><strong>Accessere</strong></span> <span class='ocrx_word' id='word_1_129' title='bbox 639 1748 782 1831; x_wconf 93' lang='lat' dir='ltr'><strong>partibus</strong></span> <span class='ocrx_word' id='word_1_130' title='bbox 805 1748 951 1813; x_wconf 83' lang='lat' dir='ltr'><strong>Valerius</strong></span> <span class='ocrx_word' id='word_1_131' title='bbox 975 1748 1091 1812; x_wconf 84' lang='lat' dir='ltr'><strong>Asiati·</strong></span> 
     </span>
     <span class='ocr_line' id='line_1_19' title="bbox 87 1831 1091 1918; baseline 0.008 -30"><span class='ocrx_word' id='word_1_132' title='bbox 87 1845 145 1908; x_wconf 90' lang='lat' dir='ltr'><strong>cus,</strong></span> <span class='ocrx_word' id='word_1_133' title='bbox 168 1831 304 1917; x_wconf 85' lang='lat' dir='ltr'><strong>Belgicae</strong></span> <span class='ocrx_word' id='word_1_134' title='bbox 333 1834 507 1915; x_wconf 88' lang='lat' dir='ltr'><strong>provinciae</strong></span> <span class='ocrx_word' id='word_1_135' title='bbox 536 1833 687 1918; x_wconf 85' lang='lat' dir='ltr'><strong>Legatus,</strong></span> <span class='ocrx_word' id='word_1_136' title='bbox 716 1854 814 1917; x_wconf 89' lang='lat' dir='ltr'><strong>quem</strong></span> <span class='ocrx_word' id='word_1_137' title='bbox 838 1854 914 1897; x_wconf 85' lang='lat' dir='ltr'><strong>mox</strong></span> <span class='ocrx_word' id='word_1_138' title='bbox 941 1834 1091 1897; x_wconf 87' lang='lat' dir='ltr'><strong>Vitellius</strong></span> 
     </span>
     <span class='ocr_line' id='line_1_20' title="bbox 84 1919 1090 2004; baseline 0.009 -28"><span class='ocrx_word' id='word_1_139' title='bbox 84 1932 225 1994; x_wconf 84' lang='lat' dir='ltr'><strong>generum</strong></span> <span class='ocrx_word' id='word_1_140' title='bbox 240 1919 372 2000; x_wconf 91' lang='lat' dir='ltr'><strong>ascivit;</strong></span> <span class='ocrx_word' id='word_1_141' title='bbox 396 1930 427 1981; x_wconf 87' lang='lat' dir='ltr'><strong>et</strong></span> <span class='ocrx_word' id='word_1_142' title='bbox 442 1920 561 1984; x_wconf 81' lang='lat' dir='ltr'><strong>lunius</strong></span> <span class='ocrx_word' id='word_1_143' title='bbox 573 1920 704 1996; x_wconf 86' lang='lat' dir='ltr'><strong>Blaesus,</strong></span> <span class='ocrx_word' id='word_1_144' title='bbox 728 1919 958 2004; x_wconf 84' lang='lat' dir='ltr'><strong>Lugdunensis</strong></span> <span class='ocrx_word' id='word_1_145' title='bbox 974 1919 1090 1985; x_wconf 81' lang='lat' dir='ltr'><strong>Gallia</strong></span> 
     </span>
     <span class='ocr_line' id='line_1_21' title="bbox 85 2004 1091 2103; baseline 0.009 -44"><span class='ocrx_word' id='word_1_146' title='bbox 85 2009 185 2082; x_wconf 88' lang='lat' dir='ltr'><strong>rector,</strong></span> <span class='ocrx_word' id='word_1_147' title='bbox 201 2023 276 2067; x_wconf 88' lang='lat' dir='ltr'><strong>curn</strong></span> <span class='ocrx_word' id='word_1_148' title='bbox 291 2004 403 2069; x_wconf 73' lang='lat' dir='ltr'><strong>Italica</strong></span> <span class='ocrx_word' id='word_1_149' title='bbox 418 2005 545 2091; x_wconf 88' lang='lat' dir='ltr'><strong>legione</strong></span> <span class='ocrx_word' id='word_1_150' title='bbox 560 2015 592 2068; x_wconf 91' lang='lat' dir='ltr'><strong>et</strong></span> <span class='ocrx_word' id='word_1_151' title='bbox 601 2004 829 2103; x_wconf 47' lang='lat' dir='ltr'><strong>pista-arina,</strong></span> <span class='ocrx_word' id='word_1_152' title='bbox 844 2004 1000 2090; x_wconf 88' lang='lat' dir='ltr'><strong>Lugduni</strong></span> <span class='ocrx_word' id='word_1_153' title='bbox 1024 2016 1091 2068; x_wconf 89' lang='lat' dir='ltr'><strong>ten·</strong></span> 
     </span>
     <span class='ocr_line' id='line_1_22' title="bbox 85 2083 1091 2175; baseline 0.012 -30"><span class='ocrx_word' id='word_1_154' title='bbox 85 2083 229 2152; x_wconf 88' lang='lat' dir='ltr'><strong>dentibus.</strong></span> <span class='ocrx_word' id='word_1_155' title='bbox 276 2091 345 2154; x_wconf 87' lang='lat' dir='ltr'><strong>Nec</strong></span> <span class='ocrx_word' id='word_1_156' title='bbox 359 2090 392 2153; x_wconf 93' lang='lat' dir='ltr'><strong>in</strong></span> <span class='ocrx_word' id='word_1_157' title='bbox 408 2090 564 2155; x_wconf 88' lang='lat' dir='ltr'><strong>Rhaeticis</strong></span> <span class='ocrx_word' id='word_1_158' title='bbox 575 2093 675 2174; x_wconf 83' lang='lat' dir='ltr'><strong>copiis</strong></span> <span class='ocrx_word' id='word_1_159' title='bbox 687 2111 785 2172; x_wconf 87' lang='lat' dir='ltr'><strong>mora,</strong></span> <span class='ocrx_word' id='word_1_160' title='bbox 796 2091 860 2175; x_wconf 81' lang='lat' dir='ltr'><strong>qud</strong></span> <span class='ocrx_word' id='word_1_161' title='bbox 869 2092 973 2155; x_wconf 83' lang='lat' dir='ltr'><strong>mimis</strong></span> <span class='ocrx_word' id='word_1_162' title='bbox 982 2091 1091 2157; x_wconf 85' lang='lat' dir='ltr'><strong>statim</strong></span> 
     </span>
     <span class='ocr_line' id='line_1_23' title="bbox 85 2169 1011 2260; baseline 0.009 -28"><span class='ocrx_word' id='word_1_163' title='bbox 85 2169 332 2260; x_wconf 85' lang='lat' dir='ltr'><strong>adjungerentur.</strong></span> <span class='ocrx_word' id='word_1_164' title='bbox 377 2176 427 2240; x_wconf 90' lang='lat' dir='ltr'><strong>Ne</strong></span> <span class='ocrx_word' id='word_1_165' title='bbox 442 2178 477 2240; x_wconf 94' lang='lat' dir='ltr'><strong>in</strong></span> <span class='ocrx_word' id='word_1_166' title='bbox 493 2178 662 2240; x_wconf 77' lang='lat' dir='ltr'><strong>Britannia</strong></span> <span class='ocrx_word' id='word_1_167' title='bbox 676 2178 807 2260; x_wconf 87' lang='lat' dir='ltr'><strong>quidem</strong></span> <span class='ocrx_word' id='word_1_168' title='bbox 820 2176 1011 2242; x_wconf 83' lang='lat' dir='ltr'><strong>dubitatum.</strong></span> 
     </span>
     <span class='ocr_line' id='line_1_24' title="bbox 10 2228 1090 2414; baseline 0.001 -91"><span class='ocrx_word' id='word_1_169' title='bbox 10 2228 181 2414; x_wconf 38' lang='lat' dir='ltr'><strong>JKLX.</strong></span> <span class='ocrx_word' id='word_1_170' title='bbox 206 2261 344 2327; x_wconf 88' lang='lat' dir='ltr'><strong>Praeerat</strong></span> <span class='ocrx_word' id='word_1_171' title='bbox 372 2261 558 2327; x_wconf 82' lang='lat' dir='ltr'><strong>Trebellius</strong></span> <span class='ocrx_word' id='word_1_172' title='bbox 584 2264 758 2343; x_wconf 87' lang='lat' dir='ltr'><strong>Maximus,</strong></span> <span class='ocrx_word' id='word_1_173' title='bbox 784 2282 840 2347; x_wconf 88' lang='lat' dir='ltr'><strong>per</strong></span> <span class='ocrx_word' id='word_1_174' title='bbox 863 2265 1030 2327; x_wconf 87' lang='lat' dir='ltr'><strong>avaritiam</strong></span> <span class='ocrx_word' id='word_1_175' title='bbox 1056 2270 1090 2325; x_wconf 89' lang='lat' dir='ltr'><strong>ct</strong></span> 
     </span>
     <span class='ocr_line' id='line_1_25' title="bbox 10 2343 1089 2432; baseline 0.008 -30"><span class='ocrx_word' id='word_1_176' title='bbox 10 2377 12 2432; x_wconf 45' lang='lat' dir='ltr'><strong>p</strong></span> <span class='ocrx_word' id='word_1_177' title='bbox 96 2343 178 2406; x_wconf 85' lang='lat' dir='ltr'><strong>ardes</strong></span> <span class='ocrx_word' id='word_1_178' title='bbox 194 2356 374 2411; x_wconf 88' lang='lat' dir='ltr'><strong>contemtus</strong></span> <span class='ocrx_word' id='word_1_179' title='bbox 389 2348 546 2411; x_wconf 86' lang='lat' dir='ltr'><strong>exercitui</strong></span> <span class='ocrx_word' id='word_1_180' title='bbox 562 2349 760 2431; x_wconf 85' lang='lat' dir='ltr'><strong>invisusque.</strong></span> <span class='ocrx_word' id='word_1_181' title='bbox 803 2350 1007 2413; x_wconf 86' lang='lat' dir='ltr'><strong>Accendebat</strong></span> <span class='ocrx_word' id='word_1_182' title='bbox 1022 2348 1089 2411; x_wconf 90' lang='lat' dir='ltr'><strong>ndi-</strong></span> 
     </span>
     <span class='ocr_line' id='line_1_26' title="bbox 10 2428 1188 2548; baseline 0.008 -58"><span class='ocrx_word' id='word_1_183' title='bbox 10 2455 12 2548; x_wconf 61' lang='grc' dir='ltr'>Ι</span> <span class='ocrx_word' id='word_1_184' title='bbox 80 2440 132 2520; x_wconf 81' lang='lat' dir='ltr'><strong>uni</strong></span> <span class='ocrx_word' id='word_1_185' title='bbox 144 2429 212 2508; x_wconf 87' lang='lat' dir='ltr'><strong>ejus</strong></span> <span class='ocrx_word' id='word_1_186' title='bbox 226 2430 365 2495; x_wconf 88' lang='lat' dir='ltr'><strong>Roscius</strong></span> <span class='ocrx_word' id='word_1_187' title='bbox 381 2433 509 2510; x_wconf 87' lang='lat' dir='ltr'><strong>Caelius,</strong></span> <span class='ocrx_word' id='word_1_188' title='bbox 522 2435 663 2520; x_wconf 86' lang='lat' dir='ltr'><strong>Legatus</strong></span> <span class='ocrx_word' id='word_1_189' title='bbox 677 2434 837 2500; x_wconf 79' lang='lat' dir='ltr'><strong>vicesima</strong></span> <span class='ocrx_word' id='word_1_190' title='bbox 848 2435 994 2522; x_wconf 87' lang='lat' dir='ltr'><strong>legionis,</strong></span> <span class='ocrx_word' id='word_1_191' title='bbox 1009 2435 1090 2498; x_wconf 89' lang='lat' dir='ltr'><strong>olim</strong></span> <span class='ocrx_word' id='word_1_192' title='bbox 1187 2428 1188 2442; x_wconf 51' lang='lat'>¹</span> 
     </span>
     <span class='ocr_line' id='line_1_27' title="bbox 10 2507 1088 2603; baseline 0.01 -31"><span class='ocrx_word' id='word_1_193' title='bbox 10 2561 12 2572; x_wconf 83' lang='lat'><strong>.</strong></span> <span class='ocrx_word' id='word_1_194' title='bbox 79 2507 199 2596; x_wconf 79' lang='lat' dir='ltr'><strong>discors,</strong></span> <span class='ocrx_word' id='word_1_195' title='bbox 214 2516 270 2579; x_wconf 93' lang='lat' dir='ltr'><strong>sed</strong></span> <span class='ocrx_word' id='word_1_196' title='bbox 295 2518 463 2582; x_wconf 83' lang='lat' dir='ltr'><strong>occasione</strong></span> <span class='ocrx_word' id='word_1_197' title='bbox 484 2520 633 2583; x_wconf 88' lang='lat' dir='ltr'><strong>civilium</strong></span> <span class='ocrx_word' id='word_1_198' title='bbox 647 2540 811 2585; x_wconf 91' lang='lat' dir='ltr'><strong>armorum</strong></span> <span class='ocrx_word' id='word_1_199' title='bbox 824 2521 961 2585; x_wconf 76' lang='lat' dir='ltr'><strong>atrocius</strong></span> <span class='ocrx_word' id='word_1_200' title='bbox 977 2539 1088 2603; x_wconf 89' lang='lat' dir='ltr'><strong>proru-</strong></span> 
     </span>
     <span class='ocr_line' id='line_1_28' title="bbox 10 2581 1088 2692; baseline 0.008 -34"><span class='ocrx_word' id='word_1_201' title='bbox 10 2581 12 2676; x_wconf 68' lang='lat' dir='ltr'><strong>i</strong></span> <span class='ocrx_word' id='word_1_202' title='bbox 79 2609 175 2692; x_wconf 69' lang='lat' dir='ltr'><strong>perat,</strong></span> <span class='ocrx_word' id='word_1_203' title='bbox 211 2602 397 2667; x_wconf 86' lang='lat' dir='ltr'><strong>Trebellius</strong></span> <span class='ocrx_word' id='word_1_204' title='bbox 412 2604 620 2669; x_wconf 84' lang='lat' dir='ltr'><strong>‘seditionem</strong></span> <span class='ocrx_word' id='word_1_205' title='bbox 634 2616 665 2668; x_wconf 91' lang='lat' dir='ltr'><strong>et</strong></span> <span class='ocrx_word' id='word_1_206' title='bbox 679 2605 1008 2686; x_wconf 53' lang='lat' dir='ltr'><strong>confusum-ordinem</strong></span> <span class='ocrx_word' id='word_1_207' title='bbox 1024 2606 1088 2667; x_wconf 90' lang='lat' dir='ltr'><strong>dis·</strong></span> 
     </span>
     <span class='ocr_line' id='line_1_29' title="bbox 80 2684 1088 2775; baseline 0.012 -34"><span class='ocrx_word' id='word_1_208' title='bbox 80 2684 205 2765; x_wconf 79' lang='lat' dir='ltr'><strong>ciplinae&#39;</strong></span> <span class='ocrx_word' id='word_1_209' title='bbox 235 2688 354 2770; x_wconf 79' lang='lat' dir='ltr'><strong>Caeli03</strong></span> <span class='ocrx_word' id='word_1_210' title='bbox 393 2690 561 2772; x_wconf 86' lang='lat' dir='ltr'><strong>‘spoliatas</strong></span> <span class='ocrx_word' id='word_1_211' title='bbox 590 2702 621 2754; x_wconf 88' lang='lat' dir='ltr'><strong>ct</strong></span> <span class='ocrx_word' id='word_1_212' title='bbox 650 2692 762 2775; x_wconf 91' lang='lat' dir='ltr'><strong>inopes</strong></span> <span class='ocrx_word' id='word_1_213' title='bbox 791 2694 941 2773; x_wconf 84' lang='lat' dir='ltr'><strong>legiones&#39;</strong></span> <span class='ocrx_word' id='word_1_214' title='bbox 967 2691 1088 2757; x_wconf 82' lang='lat' dir='ltr'><strong>Caelius</strong></span> 
     </span>
     <span class='ocr_line' id='line_1_30' title="bbox 80 2766 1089 2864; baseline 0.011 -35"><span class='ocrx_word' id='word_1_215' title='bbox 80 2766 233 2836; x_wconf 78' lang='lat' dir='ltr'><strong>Trebellio</strong></span> <span class='ocrx_word' id='word_1_216' title='bbox 249 2773 440 2856; x_wconf 85' lang='lat' dir='ltr'><strong>objectabat:</strong></span> <span class='ocrx_word' id='word_1_217' title='bbox 463 2777 535 2839; x_wconf 80' lang='lat' dir='ltr'><strong>crim</strong></span> <span class='ocrx_word' id='word_1_218' title='bbox 551 2778 680 2840; x_wconf 89' lang='lat' dir='ltr'><strong>interim</strong></span> <span class='ocrx_word' id='word_1_219' title='bbox 694 2777 787 2844; x_wconf 86' lang='lat' dir='ltr'><strong>soedis</strong></span> <span class='ocrx_word' id='word_1_220' title='bbox 810 2777 1007 2864; x_wconf 88' lang='lat' dir='ltr'><strong>Legatornm</strong></span> <span class='ocrx_word' id='word_1_221' title='bbox 1021 2797 1089 2840; x_wconf 90' lang='lat' dir='ltr'><strong>cer·</strong></span> 
     </span>
     <span class='ocr_line' id='line_1_31' title="bbox 78 2855 1085 2947; baseline 0.01 -32"><span class='ocrx_word' id='word_1_222' title='bbox 78 2855 242 2946; x_wconf 79' lang='lat' dir='ltr'><strong>tamiuibus</strong></span> <span class='ocrx_word' id='word_1_223' title='bbox 263 2861 419 2923; x_wconf 89' lang='lat' dir='ltr'><strong>modestia</strong></span> <span class='ocrx_word' id='word_1_224' title='bbox 443 2862 602 2926; x_wconf 73' lang='lat' dir='ltr'><strong>exercitiis</strong></span> <span class='ocrx_word' id='word_1_225' title='bbox 617 2873 774 2946; x_wconf 89' lang='lat' dir='ltr'><strong>corrupta,</strong></span> <span class='ocrx_word' id='word_1_226' title='bbox 788 2864 896 2947; x_wconf 68' lang='lat' dir='ltr'><strong>⁴ebqne</strong></span> <span class='ocrx_word' id='word_1_227' title='bbox 917 2863 1085 2927; x_wconf 88' lang='lat' dir='ltr'><strong>discordiae</strong></span> 
     </span>
     <span class='ocr_line' id='line_1_32' title="bbox 77 2946 1087 3031; baseline 0.011 -31"><span class='ocrx_word' id='word_1_228' title='bbox 77 2950 210 3025; x_wconf 83' lang='lat' dir='ltr'><strong>rentum,</strong></span> <span class='ocrx_word' id='word_1_229' title='bbox 224 2955 262 3008; x_wconf 94' lang='lat' dir='ltr'><strong>ut</strong></span> <span class='ocrx_word' id='word_1_230' title='bbox 276 2946 486 3011; x_wconf 85' lang='lat' dir='ltr'><strong>auxiliarium</strong></span> <span class='ocrx_word' id='word_1_231' title='bbox 500 2968 629 3031; x_wconf 88' lang='lat' dir='ltr'><strong>quoque</strong></span> <span class='ocrx_word' id='word_1_232' title='bbox 645 2948 785 3013; x_wconf 92' lang='lat' dir='ltr'><strong>militum</strong></span> <span class='ocrx_word' id='word_1_233' title='bbox 796 2950 951 3014; x_wconf 85' lang='lat' dir='ltr'><strong>conviciis</strong></span> <span class='ocrx_word' id='word_1_234' title='bbox 962 2961 1087 3031; x_wconf 85' lang='lat' dir='ltr'><strong>protur-</strong></span> 
     </span>
     <span class='ocr_line' id='line_1_33' title="bbox 10 3021 1085 3118; baseline 0.014 -34"><span class='ocrx_word' id='word_1_235' title='bbox 10 3087 12 3118; x_wconf 71' lang='lat'><strong>,</strong></span> <span class='ocrx_word' id='word_1_236' title='bbox 77 3021 170 3107; x_wconf 89' lang='lat' dir='ltr'><strong>batus,</strong></span> <span class='ocrx_word' id='word_1_237' title='bbox 186 3039 225 3108; x_wconf 88' lang='lat' dir='ltr'><strong>et,</strong></span> <span class='ocrx_word' id='word_1_238' title='bbox 237 3034 487 3117; x_wconf 86' lang='lat' dir='ltr'><strong>aggregantibus</strong></span> <span class='ocrx_word' id='word_1_239' title='bbox 503 3054 537 3097; x_wconf 91' lang='lat' dir='ltr'><strong>se</strong></span> <span class='ocrx_word' id='word_1_240' title='bbox 557 3035 656 3098; x_wconf 84' lang='lat' dir='ltr'><strong>Caelic</strong></span> <span class='ocrx_word' id='word_1_241' title='bbox 677 3035 861 3098; x_wconf 82' lang='lat' dir='ltr'><strong>cohortibus</strong></span> <span class='ocrx_word' id='word_1_242' title='bbox 883 3037 1016 3117; x_wconf 87' lang='lat' dir='ltr'><strong>alisque,</strong></span> <span class='ocrx_word' id='word_1_243' title='bbox 1032 3036 1085 3099; x_wconf 91' lang='lat' dir='ltr'><strong>de·</strong></span> 
     </span>
     <span class='ocr_line' id='line_1_34' title="bbox 10 3113 1084 3205; baseline 0.011 -33"><span class='ocrx_word' id='word_1_244' title='bbox 10 3133 12 3194; x_wconf 43' lang='grc' dir='ltr'><strong>ὶ</strong></span> <span class='ocrx_word' id='word_1_245' title='bbox 78 3120 171 3205; x_wconf 73' lang='lat' dir='ltr'><strong>sertus</strong></span> <span class='ocrx_word' id='word_1_246' title='bbox 186 3114 370 3180; x_wconf 89' lang='lat' dir='ltr'><strong>Trebellius</strong></span> <span class='ocrx_word' id='word_1_247' title='bbox 393 3118 433 3181; x_wconf 88' lang='lat' dir='ltr'><strong>ad</strong></span> <span class='ocrx_word' id='word_1_248' title='bbox 447 3113 615 3183; x_wconf 81' lang='lat' dir='ltr'><strong>Vitellium</strong></span> <span class='ocrx_word' id='word_1_249' title='bbox 637 3118 828 3205; x_wconf 82' lang='lat' dir='ltr'><strong>perfugerit:</strong></span> <span class='ocrx_word' id='word_1_250' title='bbox 849 3121 941 3204; x_wconf 89' lang='lat' dir='ltr'><strong>quies</strong></span> <span class='ocrx_word' id='word_1_251' title='bbox 956 3123 1084 3204; x_wconf 89' lang='lat' dir='ltr'><strong>provin·</strong></span> 
     </span>
     <span class='ocr_line' id='line_1_35' title="bbox 10 3206 1085 3295; baseline 0.018 -42"><span class='ocrx_word' id='word_1_252' title='bbox 10 3211 12 3268; x_wconf 73' lang='lat'><strong>,</strong></span> <span class='ocrx_word' id='word_1_253' title='bbox 79 3211 138 3294; x_wconf 66' lang='lat' dir='ltr'><strong>crae,</strong></span> <span class='ocrx_word' id='word_1_254' title='bbox 151 3217 337 3284; x_wconf 87' lang='lat' dir='ltr'><strong>quanquam</strong></span> <span class='ocrx_word' id='word_1_255' title='bbox 349 3215 469 3268; x_wconf 89' lang='lat' dir='ltr'><strong>remoto</strong></span> <span class='ocrx_word' id='word_1_256' title='bbox 484 3206 665 3284; x_wconf 87' lang='lat' dir='ltr'><strong>Consulari,</strong></span> <span class='ocrx_word' id='word_1_257' title='bbox 683 3208 815 3270; x_wconf 85' lang='lat' dir='ltr'><strong>mansit:</strong></span> <span class='ocrx_word' id='word_1_258' title='bbox 838 3208 950 3272; x_wconf 71' lang='lat' dir='ltr'><strong>rexere</strong></span> <span class='ocrx_word' id='word_1_259' title='bbox 971 3209 1085 3295; x_wconf 86' lang='lat' dir='ltr'><strong>Legati</strong></span> 
     </span>
     <span class='ocr_line' id='line_1_36' title="bbox 10 3276 977 3374; baseline 0.012 -31"><span class='ocrx_word' id='word_1_260' title='bbox 10 3283 12 3344; x_wconf 70' lang='lat' dir='ltr'><strong>l</strong></span> <span class='ocrx_word' id='word_1_261' title='bbox 80 3276 254 3368; x_wconf 62' lang='lat' dir='ltr'><strong>legionum</strong></span> <span class='ocrx_word' id='word_1_262' title='bbox 277 3305 369 3369; x_wconf 90' lang='lat' dir='ltr'><strong>pares</strong></span> <span class='ocrx_word' id='word_1_263' title='bbox 381 3288 463 3370; x_wconf 88' lang='lat' dir='ltr'><strong>jure,</strong></span> <span class='ocrx_word' id='word_1_264' title='bbox 480 3291 599 3355; x_wconf 88' lang='lat' dir='ltr'><strong>Caelius</strong></span> <span class='ocrx_word' id='word_1_265' title='bbox 614 3291 762 3355; x_wconf 91' lang='lat' dir='ltr'><strong>audendo</strong></span> <span class='ocrx_word' id='word_1_266' title='bbox 773 3294 939 3374; x_wconf 85' lang='lat' dir='ltr'><strong>potentior.</strong></span> <span class='ocrx_word' id='word_1_267' title='bbox 969 3291 977 3312; x_wconf 56' lang='lat'><strong>⁸</strong></span> 
     </span>
    </p>
   </div>
   <div class='ocr_carea' id='block_1_3' title="bbox 10 3365 1092 3836">
    <p class='ocr_par' dir='ltr' id='par_1_7' title="bbox 10 3365 1092 3631">
     <span class='ocr_line' id='line_1_37' title="bbox 10 3365 1084 3500; baseline 0.009 -67"><span class='ocrx_word' id='word_1_268' title='bbox 10 3367 67 3500; x_wconf 42' lang='lat' dir='ltr'><strong>§f</strong></span> <span class='ocrx_word' id='word_1_269' title='bbox 75 3365 197 3434; x_wconf 60' lang='lat' dir='ltr'><strong>*bxi</strong></span> <span class='ocrx_word' id='word_1_270' title='bbox 220 3371 384 3453; x_wconf 86' lang='lat' dir='ltr'><strong>Adjuncto</strong></span> <span class='ocrx_word' id='word_1_271' title='bbox 399 3376 584 3440; x_wconf 87' lang='lat' dir='ltr'><strong>Britannico</strong></span> <span class='ocrx_word' id='word_1_272' title='bbox 596 3379 747 3459; x_wconf 88' lang='lat' dir='ltr'><strong>exercitu,</strong></span> <span class='ocrx_word' id='word_1_273' title='bbox 759 3378 873 3464; x_wconf 88' lang='lat' dir='ltr'><strong>ingens</strong></span> <span class='ocrx_word' id='word_1_274' title='bbox 884 3380 1006 3444; x_wconf 88' lang='lat' dir='ltr'><strong>viribus</strong></span> <span class='ocrx_word' id='word_1_275' title='bbox 1018 3381 1084 3464; x_wconf 91' lang='lat' dir='ltr'><strong>opi-</strong></span> 
     </span>
     <span class='ocr_line' id='line_1_38' title="bbox 10 3445 1092 3550; baseline 0.007 -30"><span class='ocrx_word' id='word_1_276' title='bbox 10 3445 12 3524; x_wconf 67' lang='grc' dir='ltr'>ἶ</span> <span class='ocrx_word' id='word_1_277' title='bbox 52 3447 190 3549; x_wconf 62' lang='lat' dir='ltr'><strong>*busque</strong></span> <span class='ocrx_word' id='word_1_278' title='bbox 204 3457 362 3538; x_wconf 86' lang='lat' dir='ltr'><strong>Vitellius,</strong></span> <span class='ocrx_word' id='word_1_279' title='bbox 377 3458 458 3526; x_wconf 88' lang='lat' dir='ltr'><strong>duos</strong></span> <span class='ocrx_word' id='word_1_280' title='bbox 474 3463 591 3543; x_wconf 87' lang='lat' dir='ltr'><strong>Duces,</strong></span> <span class='ocrx_word' id='word_1_281' title='bbox 601 3463 666 3528; x_wconf 92' lang='lat' dir='ltr'><strong>duo</strong></span> <span class='ocrx_word' id='word_1_282' title='bbox 677 3464 792 3527; x_wconf 86' lang='lat' dir='ltr'><strong>itinera</strong></span> <span class='ocrx_word' id='word_1_283' title='bbox 807 3465 889 3529; x_wconf 90' lang='lat' dir='ltr'><strong>bello</strong></span> <span class='ocrx_word' id='word_1_284' title='bbox 900 3465 1092 3550; x_wconf 65' lang='lat' dir='ltr'><strong>destinavit.⁴</strong></span> 
     </span>
     <span class='ocr_line' id='line_1_39' title="bbox 10 3531 1081 3631; baseline 0.015 -34"><span class='ocrx_word' id='word_1_285' title='bbox 10 3587 11 3628; x_wconf 52' lang='lat'>3</span> <span class='ocrx_word' id='word_1_286' title='bbox 78 3531 188 3604; x_wconf 80' lang='lat' dir='ltr'><strong>Fabius</strong></span> <span class='ocrx_word' id='word_1_287' title='bbox 201 3543 320 3608; x_wconf 84' lang='lat' dir='ltr'><strong>Valens</strong></span> <span class='ocrx_word' id='word_1_288' title='bbox 337 3546 492 3627; x_wconf 63' lang='lat' dir='ltr'><strong>‘allicere</strong></span> <span class='ocrx_word' id='word_1_289' title='bbox 501 3550 563 3629; x_wconf 78' lang='lat' dir='ltr'><strong>vel,</strong></span> <span class='ocrx_word' id='word_1_290' title='bbox 576 3550 603 3612; x_wconf 92' lang='lat' dir='ltr'><strong>si</strong></span> <span class='ocrx_word' id='word_1_291' title='bbox 613 3550 798 3631; x_wconf 89' lang='lat' dir='ltr'><strong>abnuerent,</strong></span> <span class='ocrx_word' id='word_1_292' title='bbox 809 3537 1081 3631; x_wconf 60' lang='lat' dir='ltr'><strong>vastareC&#39;aliias&#39;,</strong></span> 
     </span>
    </p>

    <p class='ocr_par' dir='ltr' id='par_1_8' title="bbox 10 3624 1082 3836">
     <span class='ocr_line' id='line_1_40' title="bbox 78 3624 1082 3719; baseline 0.008 -33"><span class='ocrx_word' id='word_1_293' title='bbox 78 3629 105 3681; x_wconf 85' lang='lat' dir='ltr'><strong>et</strong></span> <span class='ocrx_word' id='word_1_294' title='bbox 124 3624 273 3692; x_wconf 81' lang='lat' dir='ltr'><strong>Cottianis</strong></span> <span class='ocrx_word' id='word_1_295' title='bbox 288 3630 424 3714; x_wconf 86' lang='lat' dir='ltr'><strong>Alpibus</strong></span> <span class='ocrx_word' id='word_1_296' title='bbox 439 3633 566 3697; x_wconf 86' lang='lat' dir='ltr'><strong>ltaliam</strong></span> <span class='ocrx_word' id='word_1_297' title='bbox 582 3635 754 3716; x_wconf 83' lang='lat' dir='ltr'><strong>irrumpere</strong></span> <span class='ocrx_word' id='word_1_298' title='bbox 767 3639 785 3715; x_wconf 89' lang='lat'><strong>;’</strong></span> <span class='ocrx_word' id='word_1_299' title='bbox 808 3636 937 3699; x_wconf 77' lang='lat' dir='ltr'><strong>Caecina</strong></span> <span class='ocrx_word' id='word_1_300' title='bbox 959 3636 1082 3719; x_wconf 80' lang='lat' dir='ltr'><strong>‘propi-</strong></span> 
     </span>
     <span class='ocr_line' id='line_1_41' title="bbox 10 3713 1082 3806; baseline 0.008 -36"><span class='ocrx_word' id='word_1_301' title='bbox 10 3713 12 3806; x_wconf 53' lang='grc' dir='ltr'>ξ</span> <span class='ocrx_word' id='word_1_302' title='bbox 80 3721 127 3771; x_wconf 85' lang='lat' dir='ltr'><strong>ore</strong></span> <span class='ocrx_word' id='word_1_303' title='bbox 139 3714 281 3797; x_wconf 86' lang='lat' dir='ltr'><strong>transitu,</strong></span> <span class='ocrx_word' id='word_1_304' title='bbox 297 3716 429 3781; x_wconf 87' lang='lat' dir='ltr'><strong>Peninis</strong></span> <span class='ocrx_word' id='word_1_305' title='bbox 440 3717 528 3805; x_wconf 87' lang='lat' dir='ltr'><strong>jugis</strong></span> <span class='ocrx_word' id='word_1_306' title='bbox 542 3720 682 3804; x_wconf 90' lang='lat' dir='ltr'><strong>degredi’</strong></span> <span class='ocrx_word' id='word_1_307' title='bbox 692 3718 812 3800; x_wconf 83' lang='lat' dir='ltr'><strong>jussus.</strong></span> <span class='ocrx_word' id='word_1_308' title='bbox 855 3721 983 3783; x_wconf 81' lang='lat' dir='ltr'><strong>Valenti</strong></span> <span class='ocrx_word' id='word_1_309' title='bbox 1001 3719 1082 3781; x_wconf 76' lang='lat' dir='ltr'><strong>infe</strong></span> 
     </span>
     <span class='ocr_line' id='line_1_42' title="bbox 10 3807 595 3836; baseline -0.015 9"><span class='ocrx_word' id='word_1_310' title='bbox 10 3809 12 3828; x_wconf 54' lang='lat'><em>¹</em></span> <span class='ocrx_word' id='word_1_311' title='bbox 580 3807 595 3836; x_wconf 58' lang='grc' dir='ltr'><strong><em>ὕ</em></strong></span> 
     </span>
    </p>
   </div>
   <div class='ocr_carea' id='block_1_4' title="bbox 0 0 1200 4050">
    <p class='ocr_par' dir='ltr' id='par_1_9' title="bbox 0 0 1200 4050">
     <span class='ocr_line' id='line_1_43' title="bbox 0 0 1200 4050; baseline 0 1"><span class='ocrx_word' id='word_1_312' title='bbox 0 0 1200 4050; x_wconf 95' lang='lat' dir='ltr'><strong> </strong></span> 
     </span>
    </p>
   </div>
   <div class='ocr_carea' id='block_1_5' title="bbox 10 3945 31 4038">
    <p class='ocr_par' dir='ltr' id='par_1_10' title="bbox 10 3945 31 4038">
     <span class='ocr_line' id='line_1_44' title="bbox 10 3945 16 3990; baseline 0 0"><span class='ocrx_word' id='word_1_313' title='bbox 10 3945 16 3990; x_wconf 83' lang='grc' dir='ltr'>Γ</span> 
     </span>
     <span class='ocr_line' id='line_1_45' title="bbox 10 3993 31 4038; baseline 0 0"><span class='ocrx_word' id='word_1_314' title='bbox 10 3993 20 4038; x_wconf 86' lang='lat' dir='ltr'><strong>l</strong></span> <span class='ocrx_word' id='word_1_315' title='bbox 30 4035 31 4038; x_wconf 75' lang='grc'>,</span> 
     </span>
    </p>
   </div>
  </div>
 </body>
</html>
