2392 4050
145 205 191 271 72
490 207 527 271 O.
543 206 654 274 coas.
670 151 806 271 'l'scirr
968 202 1019 292 [A.
1033 202 1075 269 U.
1090 201 1157 268 822.

145 375 390 459 Meumtaniam,
416 376 582 443 interiecto
606 378 816 444 Pmcuratore
838 375 977 455 Albino,’
992 375 1096 441 nuntii
1109 395 1138 440 v·

145 466 232 529 nere.
276 465 418 530 Luceius
442 465 591 545 Albinus,
614 465 778 530 aNerone
802 462 1012 529 Mauretaniae
1034 462 1154 527 Cesari-

145 550 216 615 ensi
229 549 426 634 praepositus,
442 550 550 620 addita
564 571 621 633 per
635 551 774 614 Galbam
788 549 976 629 Tingitana·
990 546 1155 633 provincia

145 635 430 717 administratione,
441 636 531 699 haud
541 635 727 720 spernendis
735 634 859 699 viribus
870 634 992 719 agebat.
1029 634 1156 698 Novem·

126 720 251 785 'decim
264 722 410 785 cohortes
425 722 569 804 quinque
591 722 662 799 alae,
678 722 793 806 ingens
809 721 1000 784 Maurorum
1014 737 1147 802 numeru

145 805 263 887 aderat,
278 826 333 889 per
348 806 515 871 latrocinia
529 817 560 871 et
575 816 684 889 raptus
706 820 780 890 apta
794 806 879 869 bello
902 824 1030 869 manus.
1074 805 1119 868 Cr
1129 831 1147 861 ἰ

147 893 261 972 Galba,
276 893 311 956 in
334 891 496 957 Othonem
517 911 649 976 pronus,
673 912 740 956 non
756 890 866 956 Africi
889 901 1068 967 contentus,
1093 890 1141 954 Hi

211 978 261 1057 iae,
275 988 413 1062 angusto
434 977 514 1041 freto
534 977 686 1058 diremtae,
702 977 890 1042 imminebat
944 976 1025 1039 Inde
1048 976 1154 1040 Cluvio

176 1062 233 1126 uso
248 1074 370 1127 metus:
392 1073 424 1125 et
439 1062 616 1127 ‘decimam
636 1064 796 1149 legionem
817 1062 1030 1145 propinquare
1053 1060 1155 1139 littori,’

97 1151 101 1158 “
147 1158 185 1211 ut
195 1148 450 1227 transmissurus,
462 1147 575 1229 jussit:
596 1148 753 1232 praemissi
769 1146 990 1226 Centuriones,
1002 1150 1061 1229 qui
1076 1148 1154 1211 Mau·
1172 1143 1174 1238 l

146 1252 258 1300 rorum
272 1234 396 1297 animos
411 1233 539 1299 Vitellio
562 1234 790 1299 conciliarent:
813 1252 917 1315 neque
943 1231 1084 1300 arduum
1096 1232 1154 1309 suit,
1172 1251 1175 1332 p

147 1319 267 1405 magni
280 1339 335 1404 per
351 1319 533 1401 provincias
549 1318 736 1384 Germanici
750 1317 908 1383 exercitiis
932 1317 1027 1381 fama.
1074 1319 1155 1402 Spar·
1175 1359 1176 1432 p

146 1406 281 1501 gebatur
294 1406 433 1486 insuper,
448 1412 567 1487 ‘spreto
582 1406 818 1470 Procuratores
829 1404 996 1484 vocabulo,
1009 1404 1155 1469 Albinum
1175 1445 1176 1450 κ

137 1491 275 1575 insigne
289 1489 398 1575 Regis,
411 1499 444 1553 et
458 1491 552 1556 Jutae
566 1509 685 1554 nomen
699 1493 874 1572 usurpare!

189 1573 281 1640 LIX.
303 1576 352 1639 Ita
366 1577 496 1640 mutatis
515 1574 642 1655 animis,
665 1575 798 1640 Asinius
818 1575 932 1657 Pollio,
952 1577 1014 1640 alar
1034 1572 1122 1639 Praei
1146 1608 1155 1620 ·

147 1671 210 1741 tus,
224 1682 242 1725 e
256 1660 420 1725 fidissimis
442 1661 569 1742 Albino,
591 1672 622 1736 et
646 1662 762 1725 Festus
782 1681 820 1725 ac
840 1662 959 1745 Scipio,
973 1661 1155 1726 cohortium
1176 1733 1177 1736 Ἴ

148 1745 303 1828 Praefecti,
317 1747 552 1829 opprimuntur.
596 1746 668 1828 lpse
690 1745 836 1826 Albinus,
859 1747 970 1812 dume
987 1745 1155 1828 Tingitani

146 1833 548 1917 provinciaCaesariensem
558 1832 792 1896 Mauretaniam
801 1832 1048 1915 petit,appulsus
1058 1829 1155 1908 littori,

146 1917 345 1984 trucidatur:
368 1938 451 1982 uxor
473 1916 553 1999 ejus,
574 1922 648 1981 clim
667 1908 715 1980 's‘e'
728 1919 968 2000 percussoribus
991 1917 1156 1994 obtulisset,

147 2005 245 2070 simul
268 2002 434 2069 interiecta
458 2016 523 2087 est;
548 2002 629 2066 nihil
656 2022 873 2086 eorumquae
899 2003 1021 2083 fierent,
1038 2002 1157 2069 Vitellio

146 2091 353 2172 anquirente:
376 2089 464 2154 brevi
476 2087 587 2153 auditu
599 2089 747 2172 quamvis
760 2109 877 2173 magua
888 2090 1052 2168 transibat,
1065 2089 1158 2171 impar
1181 2144 1182 2155 2

146 2175 234 2239 curis
248 2175 458 2260 gravioribus.
503 2174 712 2238 ‘Exercitum
732 2173 846 2238 itinere
869 2176 1006 2238 terrestri
1029 2173 1158 2271 pergere’

143 2259 252 2341 jubet:
280 2259 348 2343 ipse
376 2261 476 2323 Arare
501 2259 637 2322 flumine
665 2260 845 2342 devehitur,
871 2261 963 2325 nullo
988 2257 1158 2342 Principali

146 2355 269 2428 paratu,
298 2344 355 2408 sed
382 2355 487 2409 vetere
515 2354 653 2428 egestate
682 2346 896 2430 conspicuus:
918 2346 1022 2410 donee
1047 2344 1157 2410 Junius

146 2431 279 2512 Blaesus,
289 2429 518 2518 Lugdunensis
530 2431 648 2494 Galliae
658 2430 783 2512 Rector,
793 2451 909 2517 genera
919 2431 1046 2504 illustri,
1059 2432 1159 2516 largus

147 2517 255 2581 animo
280 2526 312 2580 et
336 2536 394 2600 par
418 2516 540 2599 opibus,
571 2516 784 2581 circumdaret
809 2516 951 2601 Principi
977 2514 1158 2592 ministeria,

147 2601 352 2667 comitaretur
367 2601 556 2683 liberaliter3
579 2621 618 2665 eo
633 2602 701 2685 ipso
723 2601 878 2688 ingratus,
892 2602 1040 2686 quamvis
1055 2600 1160 2665 odium

147 2687 296 2752 Vitellius
311 2687 487 2751 vernilibus
502 2687 665 2752 blanditiis
676 2688 804 2753 velaret
847 2688 965 2752 Praesto
976 2687 1068 2751 inere
1080 2687 1160 2769 Lug·

146 2772 226 2837 duni
240 2772 424 2836 victricium
438 2773 659 2856 victarumque
674 2773 814 2856 partium
837 2773 955 2837 Duces.
998 2774 1161 2839 Valentem

146 2871 179 2923 et
194 2857 367 2936 Caecinam,
382 2877 440 2941 pro
455 2858 611 2923 concione
637 2857 792 2939 laudatos,
815 2859 922 2924 curuli
942 2877 1009 2922 suae
1030 2859 1162 2923 circum·

146 2944 263 3028 posuit.
306 2944 386 3008 Mox
415 2945 623 3010 ‘universum
649 2943 827 3009 exercitum
854 2964 1020 3009 occurrere
1050 2938 1160 3008 infanti

146 3030 223 3095 filio’
245 3027 354 3112 jubet:
377 3031 598 3114 perlatumque
619 3042 651 3094 et
672 3029 899 3114 paludamento
921 3039 1070 3112 opertum
1091 3027 1161 3091 sinu

146 3116 297 3195 retinens,
319 3115 561 3182 Germanicum
575 3116 755 3200 appellavit,
770 3117 936 3199 cinxitque
956 3115 1083 3180 carnotis
1104 3113 1161 3176 for·

146 3210 236 3265 tunae
252 3200 444 3283 Principalis
455 3202 635 3290 insignibus
649 3225 656 3266 :
671 3201 792 3266 nimius
803 3201 907 3267 honos
920 3200 1002 3266 inter
1013 3194 1161 3276 ‘secuma

146 3286 242 3351 rebus
257 3284 399 3350 adversis
414 3288 448 3351 in
462 3289 614 3352 solatium
628 3286 731 3352 cessit.

135 3422 140 3429 .
190 3370 263 3436 LX.
287 3371 378 3435 Tum
392 3372 549 3436 interfecti
565 3373 778 3437 Centuriones
791 3370 998 3456 promtissimi
1012 3370 1163 3437 Othonia·

147 3474 283 3520 norum:
305 3455 393 3518 unde
407 3459 571 3541 praecipua
584 3457 620 3521 in
643 3457 811 3522 Vitellium
835 3457 986 3522 alienatio
1011 3476 1069 3540 per
1090 3457 1163 3538 Illy·

146 3541 230 3602 ricos
243 3540 411 3603 exercitus.
455 3542 561 3606 Simul
576 3551 690 3605 coterae
714 3542 857 3627 legiones
880 3551 1041 3623 contactu,
1057 3553 1087 3607 et
1112 3539 1163 3604 ad·

76 3636 79 3645 ⁴
146 3628 254 3685 versus
270 3623 481 3687 Germanicos
496 3625 614 3689 milites
627 3624 759 3704 invidia,
775 3626 898 3691 bellum
919 3626 1162 3691 meditabantur.

146 3705 339 3769 Suetonium
352 3705 531 3773 Paulinum
544 3729 582 3774 ac
597 3709 766 3776 Licinium
779 3711 966 3794 Proculum,
983 3712 1064 3777 tristi
1079 3708 1165 3778 mori
