2392 4050
84 225 118 288 A.
133 220 238 313 utu]
367 222 519 289 Hrssoa.
534 223 614 288 Lis.
631 182 783 289 Pramus.
1037 225 1081 289 41

83 395 136 459 ista
146 405 175 461 et
188 398 331 462 inanima
352 394 540 461 intercidere
564 414 602 458 ac
624 396 761 479 reparari
784 394 966 480 promiscue
986 404 1081 460 suntr

83 483 226 545 eternitas
241 496 351 546 rerum
363 492 395 545 et
415 500 478 564 pax
493 481 639 567 gentium
653 495 684 544 et
699 502 770 545 mea
784 501 860 546 curn
874 482 979 544 vestri
993 482 1082 544 sulus

16 572 18 637 ξ
82 566 436 633 incolomitateSenntds
445 568 600 631 firmatur.
644 568 1082 650 Huncauspicetbaparente

82 661 109 713 et
122 653 278 719 conditore
291 653 379 718 urbis
398 647 513 717 'nostra
535 654 724 734 institutum,
739 663 771 715 et
784 674 804 715 a
822 652 965 737 Regibus
979 671 1082 733 nsque

16 808 17 811 Ἴ
81 735 117 798 ud
131 738 289 823 Principes
312 738 504 804 continuum
527 749 558 801 et
579 739 802 814 immortalem,
824 738 907 804 sicut
922 760 942 801 a
956 736 1083 818 majori·

16 878 18 905 ‚
81 820 134 884 bus
148 826 335 908 accepimus,
350 825 396 888 sic
410 824 542 908 posteris
558 824 730 888 tradamus.
774 825 867 903 Nam,
881 835 919 887 ut
933 842 975 888 ex
988 823 1082 888 robis

80 905 244 988 Senatores,
260 912 303 974 ita
318 926 359 973 ex
374 909 581 974 Senatoribus
596 910 762 994 Principes
776 912 972 974 nascuntur)

48 990 282 1101 AJLXXle.
302 995 356 1058 Ea
367 995 467 1061 oratio
489 993 530 1057 ad
549 995 807 1080 perstringendos
828 995 1081 1077 mulcendosque

79 1077 206 1144 militurn
220 1081 359 1159 animos,
369 1089 401 1142 et
411 1080 588 1143 severitatis
602 1080 718 1144 modus
728 1081 944 1167 (nequeenim
958 1081 992 1144 in
1008 1083 1078 1162 plu·

78 1179 122 1225 res
143 1165 238 1246 quim
259 1166 294 1228 in
316 1166 398 1229 duos
419 1165 632 1228 animadverti
651 1165 800 1250 jusserat)
823 1169 912 1251 grate
937 1177 1076 1249 accepto,

78 1252 295 1334 compositique
311 1252 506 1334 adproesens,
518 1251 573 1333 qui
586 1252 726 1315 coerceri
737 1271 799 1315 non
813 1262 964 1333 poterant.
1001 1253 1078 1316 Non
1179 1284 1181 1311 r

78 1339 174 1399 tamen
188 1337 278 1420 quies
291 1337 361 1401 urbi
372 1336 525 1400 redierat:
547 1337 697 1419 strepitus
707 1338 843 1400 telorum
853 1346 884 1400 et
895 1336 991 1403 facies
1002 1335 1078 1401 belli

16 1430 18 1445 ’
77 1430 152 1483 eret:
166 1423 331 1502 militibus,
343 1431 380 1485 ut
394 1422 477 1486 nihil
489 1421 523 1485 in
535 1438 708 1486 commune
718 1422 982 1513 turbantibus,ita
994 1440 1080 1506 spar-

74 1503 113 1566 sis
125 1524 178 1587 per
191 1507 311 1588 domos,
334 1510 461 1571 occulto
474 1507 594 1586 habitu,
610 1519 644 1570 et
656 1507 803 1606 militm}
814 1509 892 1573 curri
906 1510 939 1573 in
955 1526 1076 1590 omnes,

16 1624 17 1661 3
76 1603 147 1669 quos
161 1593 309 1657 nobilitas
323 1602 380 1657 aut
393 1610 470 1676 opes
484 1602 539 1656 aut
558 1592 668 1676 aliqua
686 1612 823 1679 insignis
846 1594 1004 1658 claritudo
1025 1613 1078 1657 ru·
1180 1572 1182 1643 ἶ

16 1676 17 1721 ³
76 1676 207 1742 moribus
221 1678 388 1759 objecerat.
431 1678 618 1742 Vitellianos
631 1697 760 1761 quoque
775 1680 890 1744 milites
901 1680 1027 1744 venisse
1040 1677 1077 1743 in
1180 1714 1181 1719 κ

16 1794 17 1801 1
74 1760 178 1826 urbem
191 1764 231 1828 sd
254 1763 361 1827 studia
382 1764 521 1846 partium
535 1763 706 1846 noscenda,
730 1765 874 1847 plerique
895 1765 1075 1828 credebant.
1180 1798 1181 1805 κ

75 1843 160 1909 Unde
174 1851 269 1930 plena
283 1850 392 1912 omnia
406 1848 635 1931 suspicionum,
657 1860 689 1911 et
702 1851 759 1912 vix
778 1860 900 1913 secreta
920 1850 1077 1913 domuum

74 1929 135 1992 sine
149 1932 325 1998 formidine.
369 1936 433 1999 Sed
454 1934 632 2017 plurimum
651 1935 867 2017 trepidationis
888 1935 922 1997 in
937 1935 1076 2017 publico.
1180 1950 1181 1959 ¹

75 2014 113 2078 Ut
124 2038 281 2104 quomque
293 2020 445 2084 nuntium
459 2019 543 2084 sama
551 2020 715 2099 attulisset,
731 2021 874 2085 animum
884 2022 1074 2103 vultumque
1180 2018 1182 2042 ¹

75 2106 218 2197 conversi,
234 2126 276 2169 ne
290 2105 433 2169 diffidere
455 2106 563 2170 dubiis
578 2126 616 2170 nc
630 2107 740 2189 parlim
764 2107 902 2193 gaudem
916 2104 1075 2191 prosperis
1180 2103 1182 2116 ’

74 2186 256 2255 uderentur.
301 2194 419 2255 Coacta
441 2192 570 2256 veihin
593 2193 715 2257 curiam
737 2193 866 2273 Senatu,
888 2192 1006 2256 arduus
1028 2210 1076 2254 re·
1180 2246 1181 2262 ,

74 2288 138 2336 rum
150 2278 296 2341 omnium
311 2277 434 2359 modus,
449 2296 490 2341 ne
504 2288 678 2343 contumax
692 2278 914 2357 silentiumne
927 2286 1076 2360 suspects
1180 2315 1181 2318 =

73 2355 198 2425 libertas.
242 2362 288 2426 Et
301 2363 427 2446 privato
442 2363 563 2427 Othoni
578 2381 690 2446 nuper,
705 2374 799 2446 utque
820 2363 930 2427 eadem
943 2362 1074 2445 dicenti,

73 2453 140 2507 nota
154 2446 304 2512 adulatio.
346 2449 448 2534 igitur
462 2467 589 2512 versare
603 2449 783 2528 sententias,
802 2461 833 2511 et
847 2450 911 2512 huc
927 2458 1020 2531 utque
1034 2447 1073 2512 il·
1180 2441 1181 2498 ἶ

73 2524 120 2591 luc
134 2539 287 2615 torquere,
310 2533 451 2598 ‘hostem
465 2543 496 2597 et
511 2534 710 2617 parricidam'
724 2533 889 2597 Vitellium
899 2543 1071 2598 vocantes:
1180 2567 1181 2572 κ

72 2615 359 2693 providentissimus
383 2620 517 2702 quisque
531 2620 721 2704 vulgaribus
743 2618 917 2701 conviciis;
937 2618 1072 2701 ‘quidam

71 2711 138 2765 vera
158 2706 285 2788 probraj
298 2703 412 2785 jacere,
436 2704 470 2767 in
493 2706 630 2770 clamore
653 2714 767 2785 tamen,
790 2704 895 2769 stubi
921 2704 1069 2788 plurimae
1180 2731 1181 2736 ¹

71 2797 163 2865 noces,
176 2801 231 2853 ant
244 2790 387 2853 tumultu
402 2792 572 2855 verborum
586 2790 645 2855 sibi
660 2789 720 2874 ipsi
734 2792 957 2873 obstrepentes.
1143 2851 1146 2856 ,
1180 2835 1181 2838 ,

106 2871 294 2939 LXXXVI.
317 2874 468 2960 Prodigia
481 2876 613 2959 iusuper
631 2876 795 2953 terrebant,
810 2875 944 2941 diversis
964 2884 1071 2941 sucto-

71 2952 148 3021 rihus
167 2963 308 3044 vulgata.
353 2962 409 3025 ‘In
431 2961 588 3035 vestibulo
610 2960 749 3044 capitolii
774 2962 906 3025 omissas
927 2961 1068 3024 habenas

16 3051 18 3096 ῑ
72 3036 149 3126 bigae,
163 3046 217 3110 cui
234 3046 374 3111 Victoria
384 3047 556 3111 institerat:
577 3048 718 3130 erupisse
727 3047 809 3111 cells
821 3047 956 3112 Junonis
970 3047 1070 3127 majo·
1151 3083 1152 3086 ¹

71 3141 129 3191 rem
142 3131 285 3196 humanit
298 3133 454 3215 speciem:
476 3143 615 3195 statuam
633 3132 711 3196 Divi
732 3132 811 3196 Julii
824 3133 858 3196 in
881 3131 992 3197 insulis
1010 3132 1069 3196 Τί-

71 3209 161 3279 berini
176 3217 291 3297 amnis,
309 3235 422 3292 sereno
435 3227 466 3281 et
481 3218 612 3282 immoto
625 3216 684 3299 dle,
707 3218 747 3280 ab
762 3218 935 3282 Occidente
949 3217 980 3280 in
998 3217 1071 3284 Ori·

71 3307 164 3365 entem
177 3319 386 3367 conversans:
408 3304 610 3387 prolocutum
623 3304 658 3367 in
680 3303 809 3367 Etrurii
827 3299 961 3367 bovem:
984 3303 1068 3368 inso-

70 3381 131 3449 litos
150 3389 340 3454 animalium
361 3392 501 3472 pertus?
521 3401 553 3453 et
574 3392 667 3473 plura
689 3390 761 3466 alia,
784 3387 917 3453 rudibus
941 3389 1067 3455 saeculis

16 3525 17 3552 ,
71 3469 155 3537 etiam
168 3475 203 3538 in
218 3494 296 3557 pace
311 3476 568 3562 observataque
586 3493 674 3540 nunc
688 3475 808 3539 tantiam
822 3474 856 3538 in
872 3485 957 3539 metu
979 3474 1068 3538 andi·

16 3569 17 3612 l
70 3565 167 3622 untur.
211 3559 276 3625 Sed
291 3560 469 3645 praecipuus
483 3573 514 3624 et
528 3580 604 3624 curn
628 3562 772 3645 prasenti
794 3560 892 3624 exitio
910 3559 1069 3623 etiamtu-

16 3715 18 3776 l

16 3873 18 3928 l

69 3641 125 3703 turi
145 3661 253 3728 pavor,
275 3645 380 3710 subiti
408 3645 617 3711 inundatione
643 3646 791 3710 Tiberis:
826 3647 881 3729 qui
909 3643 1067 3706 immenso

69 3737 164 3814 tuctu,
177 3743 309 3816 proruto
330 3739 426 3819 ponte
447 3731 590 3881 sublici&
613 3752 651 3797 sc
673 3742 777 3817 strage
798 3728 951 3795 obstantis
972 3725 1067 3790 molis
