2392 4050
32 84 146 275 ff
468 146 504 212 0.
520 145 631 213 Coss.
647 144 783 215 Tacrrr
945 148 996 236 [A.
1011 147 1052 213 U.
1066 145 1154 213 822.

200 316 287 385 LIX.
310 317 422 382 Galbae
441 337 559 402 corpus
582 318 641 383 diu
662 320 848 406 neglectum
868 328 900 384 et
913 320 1043 386 licentia
1057 329 1152 384 tene-

123 403 254 468 brarum
268 402 417 487 plurimis
432 404 578 468 ludibriis
591 415 755 487 vexatum,
768 404 966 495 dispensator
981 406 1113 493 Argius,
1130 425 1152 469 e

123 490 281 573 prioribus
302 489 413 569 servis,
436 488 554 554 humili
567 492 733 574 sepulturi
754 491 790 555 in
807 492 938 575 privatis
951 491 1021 574 ejus
1043 490 1153 555 hortis

123 576 274 643 contexit.
318 576 431 658 Caput,
455 594 511 658 per
533 575 617 640 lixas
639 579 829 660 calonesque
849 578 1005 642 suffixum
1028 580 1153 642 lacera·

122 670 265 745 tumque,
280 669 353 725 ante
369 660 509 726 Patrobii
527 663 691 727 tumulum
705 662 852 750 (libertus
875 663 903 726 is
918 663 1064 744 Neronis,
1086 680 1153 746 pu·

122 746 212 812 nitus
225 767 244 809 a
259 746 363 810 Galba
377 744 494 832 fueret)
509 746 635 831 posteris
648 746 780 813 demum
794 748 846 812 die
861 746 1021 832 repertum
1033 760 1065 812 et
1078 747 1154 811 cre·

123 844 209 896 mato
231 831 301 913 jam
321 831 446 913 corpori
468 831 650 896 admixtum
669 844 726 898 est.
770 832 869 899 Hunc
887 835 1011 898 exitum
1031 832 1150 898 habuit

123 918 191 984 Ser.
207 918 321 998 Galba,
336 916 437 982 tribus
451 926 483 980 et
497 919 700 1003 septuaginta
712 917 807 983 annis
823 919 965 1003 quinque
979 919 1151 1002 Principes

123 1002 272 1087 prospera
287 1002 582 1082 fortunaemensus,
592 1015 624 1067 et
636 1004 742 1068 alieno
753 1005 891 1087 Imperio
902 1005 1034 1084 felicior,
1045 1006 1151 1088 quiam

121 1107 192 1152 auo.
236 1089 336 1153 Vetus
350 1088 385 1151 iu
399 1087 522 1153 familia
537 1089 696 1170 nobilitas,
711 1108 836 1175 magnae
850 1110 947 1173 opes:
969 1091 1030 1173 ipsi
1045 1089 1151 1154 medi·

123 1192 182 1237 um
206 1173 385 1260 ingenium,
400 1173 501 1260 magis
526 1183 619 1238 extre
632 1175 719 1255 vitia,
744 1176 842 1258 quim
862 1196 938 1241 cum
959 1175 1148 1240 virtutibus.

124 1260 234 1325 Famae
248 1278 309 1323 nee
333 1259 524 1338 incuriosus,
548 1279 608 1324 nec
622 1260 828 1325 venditator.
858 1262 1008 1326 Pecuniae
1030 1262 1149 1326 alienae

123 1362 190 1409 non
206 1356 367 1429 appetens,
388 1364 454 1409 suae
475 1365 602 1428 parcus,
625 1347 762 1429 publice
784 1367 909 1412 avams.
953 1346 1150 1412 Amicorum

123 1430 380 1514 libertorumque,
396 1431 451 1494 ubi
467 1430 500 1494 in
516 1432 616 1494 bonos
630 1430 802 1512 incidisset,
816 1433 886 1497 sine
900 1432 1149 1515 reprehensione

122 1515 265 1599 patiens;
288 1516 316 1579 si
331 1517 408 1578 mali
423 1514 536 1595 forent,
550 1535 654 1599 usque
679 1517 720 1581 ad
743 1519 873 1601 culpam
890 1517 1034 1604 ignarus.
1077 1517 1148 1585 Sed

123 1602 251 1666 claritas
264 1600 423 1665 natalium
436 1611 467 1664 et
487 1610 592 1666 metus
611 1611 790 1685 temporum
814 1604 966 1684 obtentui,
988 1614 1034 1684 ut,
1055 1602 1148 1688 quod
1181 1658 1183 1663 .

122 1687 259 1783 segnitia
283 1695 360 1766 erat,
384 1685 543 1770 supientia
564 1700 742 1752 vocaretur.
794 1688 885 1753 Dum
909 1690 1037 1774 vigebat
1058 1688 1187 1775 catast

123 1771 254 1837 mllitari
276 1771 371 1836 laude
385 1773 471 1856 apud
494 1773 684 1837 Germanias
706 1773 823 1838 floruit.
867 1774 1045 1839 Proconsul
1059 1775 1147 1840 Afri·

123 1878 194 1923 cam
217 1856 399 1939 moderate,
426 1857 495 1940 jam
517 1859 632 1938 senior,
656 1859 835 1924 citeriorem
860 1859 1051 1943 Hispaniam
1074 1859 1146 1945 pari

119 1942 245 2028 justitid
259 1942 436 2008 continuit:
459 1943 560 2026 major
575 1945 699 2029 privato
712 1946 811 2027 visus,
826 1945 905 2009 dum
918 1946 1062 2031 privatus
1073 1945 1145 2027 fuit,

122 2039 155 2094 et
168 2031 315 2094 omnium
329 2049 488 2095 consensu
503 2051 607 2115 capax
622 2030 760 2114 Imperii,
775 2031 838 2095 nisi
852 2032 1046 2113 imperasset.

68 2122 92 2194 ζ
105 2135 148 2186 „t‘
165 2116 203 2181 L.
225 2114 401 2199 Trepidam
415 2116 537 2195 urbem,
552 2136 590 2179 ae
605 2116 702 2180 simul
717 2116 914 2181 atrocitatem
928 2116 1064 2181 recentis
1078 2136 1145 2204 see

42 2229 52 2288 j
64 2187 95 2256 ἡκ
122 2200 198 2266 laris
212 2201 310 2264 simul
326 2212 447 2263 veteres
462 2200 601 2276 Othonis
616 2221 720 2266 mores
734 2213 912 2287 parentem,
931 2221 1037 2268 novus
1056 2202 1145 2267 insu·

83 2257 179 2369 Qut
202 2285 259 2349 ‘de
280 2284 419 2350 Vitellio’
442 2287 576 2351 nuntius
598 2287 762 2368 exterruit,
785 2296 860 2352 ante
883 2288 1004 2353 aedem
1028 2288 1144 2353 Galba

121 2389 321 2456 suppressus,
345 2381 390 2449 ut,
417 2373 540 2437 tantirm
562 2374 735 2455 superioris
759 2375 940 2439 Germaniae
963 2373 1143 2439 exercitum

120 2455 303 2535 descivisse,
315 2455 505 2522 crederetur.
551 2458 644 2522 Turn
665 2458 774 2540 ‘duos,
796 2459 943 2542 omnium
956 2459 1145 2525 mortalium

120 2541 331 2626 impudicitia,
345 2541 486 2624 ignavie,
501 2544 632 2625 luxuri&
645 2545 840 2623 deterrimos,
855 2543 945 2610 velut
959 2545 1001 2609 ad
1011 2545 1144 2630 perden-

120 2626 202 2692 dum
222 2626 399 2711 Imperium
420 2628 558 2694 fataliter
581 2633 718 2711 electos,’
742 2650 809 2695 non
832 2630 970 2696 Senatus
992 2630 1090 2696 mcdb
1113 2639 1145 2695 et

122 2713 243 2798 Eques,
257 2712 330 2796 quis
345 2713 455 2798 aliqua
477 2735 550 2799 pars
565 2727 597 2780 et
623 2736 701 2781 cura
721 2715 927 2799 Reipublicae,
941 2716 998 2780 sed
1021 2719 1143 2806 vulgus

120 2818 249 2884 quoque
272 2800 378 2884 pallm
402 2819 544 2867 mrerare.
592 2801 662 2867 Nec
684 2800 753 2883 jam
775 2801 918 2866 recentia
939 2822 1034 2865 saevre
1056 2802 1143 2888 pacis

120 2886 278 2969 exempla,
293 2886 350 2949 sed
364 2888 495 2970 repetita
508 2888 666 2952 bellorum
687 2887 835 2952 civilium
854 2887 1027 2952 memoria:
1051 2896 1143 2972 ‘cap-

121 2984 189 3036 tam
203 2971 319 3035 totiens
334 2971 401 3036 suis
423 2972 615 3038 exercitibus
632 2973 754 3054 urbem,
772 2972 952 3037 vastitatem
966 2973 1078 3056 Italiae,
1098 2973 1143 3039 di·

121 3057 281 3141 reptiones
296 3057 546 3141 provinciarum,
559 3059 767 3138 Pharsaliam,
780 3059 955 3142 Philippos,
969 3068 1001 3123 et
1015 3057 1141 3125 Perusi-

121 3163 174 3208 am
187 3162 226 3207 ac
237 3143 416 3225 Mutinam,’
431 3154 506 3209 nota
516 3145 718 3226 publicarum
729 3144 871 3208 cladium
882 3144 1024 3223 nomina,
1035 3146 1141 3231 loque·

120 3228 247 3292 bantur.
270 3217 414 3324 QPropb
424 3249 575 3293 eversum
588 3231 705 3309 orbem,
712 3230 809 3294 etiam
817 3232 891 3294 edm
901 3229 942 3295 de
953 3229 1141 3315 Principatu

120 3313 203 3379 inter
217 3314 318 3379 bonos
337 3326 530 3380 certaretur:
552 3315 609 3378 sed
631 3317 785 3380 mansisse
807 3317 844 3380 Ο.
867 3317 964 3397 Julio,
986 3316 1140 3381 mansisse

122 3399 247 3462 Caesare
276 3401 424 3485 Augusto
453 3401 583 3479 victore,
605 3400 800 3484 Imperium;
824 3419 1011 3467 mansuram
1032 3401 1139 3480 firisse,

121 3482 181 3544 sub
193 3483 345 3565 Pompeio
357 3486 529 3566 Brutoque,
539 3484 793 3567 Rempublicam.
826 3487 924 3551 Nunc
932 3506 990 3570 pro
1002 3487 1140 3566 Othone,

121 3583 164 3626 an
178 3584 235 3646 pro
251 3568 389 3647 Vitellio,
405 3570 438 3632 in
454 3571 572 3652 templa
590 3570 715 3634 ituros?
759 3572 918 3655 Utrasque
937 3573 1053 3657 impias
1074 3593 1140 3658 pre·

121 3665 183 3728 ces,
198 3657 334 3734 utraque
347 3652 532 3719 detestanda
542 3666 627 3736 rota,
641 3656 723 3726 inter
737 3656 828 3740 duos,
841 3676 982 3744 quorum
995 3659 1081 3725 bello
1094 3678 1140 3724 so
