2392 4050
82 114 168 215 dic.
181 144 245 234 ru]
360 145 510 212 Hrsrost.
525 144 605 212 Lm.
620 143 800 216 anmsa.
1021 141 1084 207 197

78 316 255 466 {filim
274 316 441 402 incipiant,
462 328 495 383 et
504 314 597 385 noxii
608 315 725 400 capitia
747 313 844 401 pani
863 313 1086 399 poeniannam

108 405 251 469 teratur!
327 456 330 461 ,

114 487 237 554 XXVI.
261 487 338 554 Non
350 486 462 554 fefellit
473 486 613 552 Ciuilem
625 507 665 552 es
677 485 854 565 inclinatio,
867 483 1085 568 etproevenire

75 575 199 639 statuit:
221 592 320 661 super
333 571 465 639 taedium
478 574 648 654 malorum,
661 572 759 636 etism
772 590 829 654 spe
839 571 922 648 rita,
936 589 1011 667 quoe
1021 569 1087 655 pie·

74 675 204 742 rumque
215 674 353 744 magnos
366 659 489 723 animos
503 657 658 744 infringit.
702 657 805 722 Petito
819 658 988 740 colloquio,
1001 654 1086 719 scin·

75 741 156 808 ditur
169 745 317 811 Nabaliae
331 744 475 809 fluminis
488 762 587 828 pous;
610 745 645 808 in
667 743 761 824 cujus
776 742 911 825 abrupta
927 740 1085 826 progressi

75 827 198 894 Duces:
221 840 254 896 et
268 826 384 896 Civilia
407 829 584 913 ltacoepitr
604 829 657 895 ‘Si
681 828 767 912 apud
781 827 903 893 Vitellii
925 827 1085 913 Legatum

73 911 254 982 defenderer
266 936 275 1000 ς
298 935 402 1000 neque
413 914 498 981 sacto
513 934 585 980 meo
599 914 704 995 venis,
715 934 818 998 neque
831 912 924 983 dictis
935 911 1023 995 fides,
1032 911 1085 975 de·

72 998 207 1066 bebamr.
253 1003 382 1067 Ouncta
393 1001 475 1079 inter
484 1015 543 1064 nos
554 999 694 1080 inimica,
704 998 841 1081 hostilia,
853 1001 893 1064 ab
904 998 961 1063 illo
972 1007 1084 1082 coepta,

70 1100 147 1150 ame
161 1095 260 1153 sueta
273 1097 375 1151 erant.
420 1084 510 1172 Erga
525 1085 758 1170 Vespasianum
773 1095 866 1149 vetus
880 1083 960 1151 mihi
976 1084 1081 1148 obser·

71 1171 192 1238 tantia:
214 1172 512 1257 et,ei1mpriratus
535 1181 626 1252 esset,
648 1171 743 1238 amici
765 1172 968 1238 vocabamur.
1011 1174 1084 1241 Hoc

69 1253 172 1323 Primo
186 1259 333 1324 Antonio
347 1267 470 1341 notum,
484 1255 578 1339 cujus
599 1257 740 1340 epistolis
761 1255 802 1323 ad
824 1257 945 1325 bellum
962 1259 1083 1327 accitus

72 1359 149 1422 aum,
162 1362 204 1408 ne
221 1343 427 1411 Germanice
442 1343 592 1430 legiones,
607 1351 639 1408 et
662 1342 790 1408 Gallica
808 1340 963 1425 juventus
985 1348 1083 1430 Alpes

71 1429 317 1501 transcenderet,
350 1430 437 1501 Qua
445 1428 765 1527 Antoniusepistolis,
776 1426 980 1533 Hordeonius
989 1432 1083 1498 Flac·

70 1530 307 1747 {iiiiii
319 1515 607 1685 titileia
620 1535 667 1664 l„
680 1515 1083 1684 initiarunt

95 1702 234 1753 annoma

73 1769 116 1848 [*“
125 1735 261 1834 Tiberiris
276 1771 439 1835 Alexander
451 1773 482 1832 in
495 1772 633 1852 AEgypto,
653 1771 755 1831 mdem
766 1772 825 1832 lori
844 1773 972 1833 consilia.
1013 1776 1081 1837 Pari

72 1852 158 1912 studio
178 1853 315 1925 Batavos,
339 1853 553 1924 Canninefates,
566 1863 771 1928 veneransque
794 1852 926 1913 solenes
945 1855 975 1914 ia
994 1859 1082 1917 verbs

72 1929 241 2011 Vespasiani
252 1934 345 2012 adegi.
387 1934 422 1995 si
433 1933 501 2009 quid
513 1943 615 2011 postea
624 1932 731 1992 hostile
744 1933 865 2011 irrepsit,
881 1934 945 2012 jure
958 1955 998 1993 en
1009 1936 1082 2015 inju-

71 2011 109 2071 rii
122 2028 289 2094 susceptam
301 2013 377 2075 haud
387 2014 516 2078 dixerim.
559 2013 660 2074 Malim
669 2012 766 2072 tabida
774 2023 930 2093 tempomm
940 2017 1083 2090 incusare,

70 2110 149 2169 qnam
161 2096 250 2155 dubis
269 2096 407 2173 imputare
427 2095 554 2154 cumina.
595 2095 682 2154 Certe
696 2095 742 2153 rel
761 2094 825 2173 ipsa
844 2096 918 2158 inter
938 2098 1013 2156 bella
1033 2116 1081 2159 me

71 2193 180 2253 semper
198 2177 231 2236 in
244 2193 348 2254 meam
366 2174 561 2254 propendisse,
581 2175 826 2252 Romanorumque
847 2189 941 2255 partes
959 2179 1081 2257 juvisse,

70 2256 152 2316 multa
164 2256 245 2317 inire
260 2266 432 2334 argumente,
446 2267 475 2314 et
487 2274 591 2315 recens
604 2256 696 2315 adhue
710 2257 853 2317 memoria.
893 2258 923 2317 N
924 2279 959 2318 ec
969 2279 1020 2338 per
1032 2281 1079 2322 ras

71 2337 150 2415 stabit
161 2336 314 2415 quominus
327 2336 401 2396 inter
414 2336 558 2395 Romanoa
567 2347 602 2394 'et
611 2336 735 2395 Batavos
746 2337 802 2395 lida
811 2338 945 2415 firmaque
955 2342 1080 2402 socletas

70 2431 224 2477 renovetur.
267 2418 346 2477 Olim·
366 2418 536 2476 sacramenti
558 2415 738 2488 hortatorem,
757 2436 833 2475 aaran
846 2438 892 2478 me
910 2423 989 2497 jurat
1012 2441 1080 2482 esse

71 2498 281 2558 conciliatorem
293 2498 402 2575 pacis?
443 2497 551 2556 Surdiis
575 2498 615 2556 its
634 2497 870 2575 conspirantibus,
882 2499 913 2559 in
930 2500 1016 2560 fidem
1035 2521 1080 2562 re·

70 2579 141 2655 cepti
155 2591 224 2638 sunt
238 2578 360 2649 Batiam
381 2581 535 2655 pacataque
552 2576 715 2636 Germania.

107 2658 238 2719 XXVII.
261 2658 417 2735 Lingones,
438 2655 540 2717 Civilis
563 2658 700 2717 societate
713 2658 821 2731 innexi,
834 2659 990 2722 Domitiani
1003 2662 1079 2724 saro·

69 2753 126 2797 rem
139 2748 358 2817 occupaverant,
377 2738 556 2817 septuaginta
575 2739 700 2799 millibus
714 2750 880 2801 armatorum
898 2742 929 2802 in
949 2744 1011 2822 ejus
1030 2747 1080 2806 ob·
1140 2774 1144 2784 ·

70 2820 197 2894 requiam
218 2818 351 2879 redactis.
387 2820 524 2878 ›Atrooius
548 2838 614 2878 oum
632 2820 770 2879 Sarmatis
790 2834 952 2905 pugnatum.
1004 2826 1079 2886 Fon·

69 2898 291 2977 ninsngrippe,
305 2899 426 2970 Moesia,
439 2910 470 2958 nt
483 2900 589 2958 dietam
599 2911 645 2959 eat
654 2920 747 2978 supra,
757 2903 932 2979 prepositus,
942 2904 1079 2967 adversus

69 2976 247 3039 barbarorum
270 2980 328 3039 rim
349 2978 499 3051 invalidus,
520 2981 672 3058 pugnando
693 2980 801 3039 iortiter
823 2983 962 3041 occubuit.
1003 2985 1080 3047 Tum

68 3070 171 3119 cuncta
183 3059 401 3132 incursionibus,
420 3059 648 3137 populationibus
668 3061 797 3119 obnoxia
838 3061 928 3121 Clade
943 3063 1080 3141 Vespasi.

69 3156 122 3198 ano
134 3139 271 3211 nunnsti,
285 3139 423 3200 Rubrium
438 3138 552 3198 Gallum
563 3139 651 3210 misit,
666 3140 714 3215 qui
727 3159 788 3198 rem
801 3141 930 3214 restituit,
944 3142 1077 3223 fusosque

69 3236 146 3296 sape
158 3220 292 3282 barbaros
305 3238 406 3279 renare
420 3219 582 3280 Danubium
594 3221 707 3297 ooigit:
730 3230 767 3291 et,
780 3240 823 3279 ne
832 3223 944 3299 regredi
956 3224 993 3284 iis
1006 3227 1078 3289 soret

69 3299 189 3372 animari
203 3299 341 3362 Romanis
354 3299 494 3379 presidiis
507 3300 644 3359 validiora
659 3300 766 3360 addidit
777 3302 958 3367 maurimonte.

27 3410 33 3420 .
108 3378 253 3440 XXVIII.
274 3382 313 3441 At
326 3382 414 3459 major
426 3381 494 3441 belli
507 3381 598 3441 moles
621 3381 652 3439 in
671 3381 767 3441 Iudaei
781 3383 943 3460 agitabatm.
984 3389 1077 3464 Titus,

27 3459 29 3464 ’
70 3476 135 3518 sum
148 3472 252 3521 cuncta
263 3462 460 3540 expugnandis
483 3459 694 3541 Hierosolymis
716 3473 781 3541 apta
800 3466 959 3539 sanxisset,
983 3470 1078 3531 adulto

66 3537 125 3614 jam
137 3560 215 3614 vere,
227 3542 308 3621 operi
325 3541 434 3614 insu'tit,
454 3557 592 3603 morarum
606 3545 764 3621 impatiens.
804 3545 951 3620 Utrimque
964 3549 1077 3622 paribus

70 3620 338 3684 arlanconem.
379 3621 603 3684 Judoeilocorum
614 3624 893 3700 ingenio,horaiaum
902 3621 1076 3683 multitudiue

320 3723 335 3757 ⁸
345 3722 480 3785 appendix,
490 3722 718 3849 Auctpr⁷efabriele
728 3720 826 3770 Brauon
