2392 4050
142 158 207 226 144
478 157 534 262 ¹0.
551 157 661 224 Gonn.
678 159 814 226 Tacrrr
959 159 1013 247 [A.
1029 160 1067 225 U.
1080 161 1139 225 822
1165 169 1166 190 ¹

135 348 160 397 n
221 329 413 416 tiatoraaque
427 330 591 396 Romanos
605 331 773 396 invadunt
816 332 925 399 Simul
935 333 1070 398 excidiis
1090 353 1142 397 aas

136 426 169 483 te
193 436 289 483 orum
302 418 511 482 inminebat:
531 437 607 501 quae
621 437 641 481 a
655 416 816 484 Praefectis
830 420 1016 483 cohortium
1030 427 1141 486 incensa

137 512 225 582 sunt,
240 501 456 587 quiadefeudi
472 503 675 586 nequibant·
702 503 805 589 Signa
819 504 1007 588 vexillaque
1022 499 1053 569 e't
1071 505 1141 589 qaod

135 588 279 654 militum
293 589 328 652 in
340 588 538 672 superiorem
549 590 795 676 insulaepartem
808 600 1058 677 congregantur,
1067 592 1141 656 Duce

135 674 278 758 Aquilio,
302 673 518 757 Primipilari3
541 692 661 740 nomen
684 667 785 761 magis
807 677 973 753 exercitas,
997 696 1093 759 quam
1106 696 1141 740 ro

135 758 207 826 bur.
251 760 392 844 Quippe,
419 759 543 823 viribus
568 759 751 826 cohortium
774 760 930 842 abductis,
957 762 1140 841 Vitellius,e

139 844 296 929 proximis
310 844 506 941 Nerviorum
518 846 820 929 Germanorumque
836 846 937 932 pagis,
952 867 1086 931 segnem
1097 866 1141 911 nu·
1165 879 1166 934 j

137 948 266 994 merum
279 948 376 994 armis
397 941 596 996 oneraverat.
1165 963 1166 1006 2

179 1014 270 1080 xvi.
293 1015 416 1095 Civilis,
431 1015 505 1081 dolo
554 1016 743 1082 rassendum
766 1027 863 1097 ratus,
887 1018 1051 1082 incusavit
1073 1018 1140 1081 nltrb

136 1098 319 1180 Praefectos,
335 1100 438 1184 ‘qubd
453 1038 585 1166 castella
601 1102 825 1167 deseruissent.
869 1104 1005 1168 Secum
1019 1106 1140 1180 cohorte,

135 1185 191 1251 cui
206 1199 349 1269 preerat,
366 1186 612 1252 Canninefatem
622 1191 800 1253 tumultum
809 1208 1085 1271 compressurum:
1103 1188 1140 1253 illi

135 1290 197 1336 sua
209 1270 347 1355 quisque
362 1273 507 1356 hyberna
525 1275 721 1357 repeterent!
764 1274 902 1338 Subesse
917 1273 1066 1339 fraudem
1084 1295 1142 1340 con·

135 1356 217 1438 silio,
233 1367 267 1420 et
278 1357 437 1440 dispersas
459 1359 607 1422 cobortes
629 1360 753 1423 facilins
776 1360 921 1443 opprimi,
938 1380 999 1423 nec
1024 1360 1141 1425 Brinno

135 1461 211 1508 nem
226 1444 354 1508 Ducem
368 1443 437 1523 ejus
459 1443 544 1516 belli.
558 1444 616 1508 sed
639 1444 779 1509 Civilem
804 1466 881 1525 esse,
907 1447 1033 1528 patuit:
1055 1467 1141 1511 enim·

135 1528 285 1613 pentibus
296 1528 452 1611 paulatim
466 1527 605 1602 indiciis.
620 1550 692 1613 quae
708 1531 963 1616 Germanislaeta
974 1533 1140 1618 bellogans,

134 1631 202 1679 non
217 1614 275 1679 din
296 1615 546 1679 occultaverant.
589 1616 654 1680 Ubi
676 1614 802 1679 insidiae
826 1636 942 1699 parum
967 1615 1139 1696 cesseread

135 1700 205 1764 vim
218 1710 444 1786 transgressus,
460 1700 695 1781 Canninefates,
707 1701 843 1779 Frisios,
858 1701 999 1767 Batavos
1022 1702 1139 1787 propriis

135 1786 249 1851 cuneis
263 1785 444 1869 componit:
466 1783 586 1850 directa
599 1807 641 1851 ex
655 1785 783 1851 diverso
797 1787 891 1866 acies,
906 1788 997 1851 haud
1011 1789 1138 1872 procula

135 1871 270 1937 flumine
293 1871 415 1952 Rheno,
431 1878 463 1934 et
476 1871 619 1936 obversis
642 1872 677 1935 in
691 1872 817 1948 hostensi
842 1872 991 1952 navibus,
1006 1894 1091 1958 quas,
1103 1873 1138 1935 iu

136 1958 241 2022 censis
260 1956 408 2040 castellis,
422 1955 502 2021 illuc
524 1958 732 2040 appulerant:
754 1977 815 2021 nec
835 1956 893 2021 diu
918 1970 1049 2040 certato,
1064 1960 1139 2023 'l'uu-

134 2062 268 2129 giorum
281 2042 396 2107 cohors
420 2044 515 2128 signa
528 2043 569 2107 ad
589 2043 730 2108 Civilem
750 2045 929 2121 transtulit:
953 2046 1139 2128 perculsique

135 2127 253 2192 milites
274 2127 448 2208 improvise
471 2128 685 2211 proditiones
706 2128 802 2193 sociis
824 2129 1035 2213 hostibusque
1059 2129 1140 2195 cede·

135 2213 260 2277 bantur.
304 2212 430 2277 Eadem
441 2213 539 2278 etiam
552 2214 691 2278 navibus
712 2214 855 2297 perfidia.
900 2216 980 2278 Pars
995 2217 1139 2302 remigum

135 2317 153 2362 e
168 2298 306 2379 Batavis,
322 2310 476 2382 tanquam
490 2299 658 2382 imperitia,
671 2299 778 2367 officia
791 2310 963 2364 nautamm
974 2319 1139 2386 propugno·

134 2395 304 2468 torumque
329 2384 559 2466 impediebant:
584 2404 662 2450 mox
684 2393 795 2449 contre
817 2384 956 2466 tendere,
980 2398 1013 2451 et
1033 2402 1140 2472 puppes

134 2469 244 2535 hostili
258 2470 335 2554 ripa
357 2470 512 2551 objicere:
535 2470 576 2535 ad
599 2480 797 2552 postremum
818 2472 1048 2556 gubernatores
1073 2473 1140 2534 (len-

134 2557 348 2638 turionesque
370 2556 435 2619 nisi
457 2558 570 2621 eadem
590 2557 743 2637 volentes,
765 2557 937 2635 trucidant,
960 2558 1064 2623 donec
1082 2554 1140 2621 uui

133 2658 229 2706 verse
241 2651 376 2725 quatuor
391 2652 421 2705 et
435 2642 550 2729 viginti
571 2641 708 2706 navium
728 2640 840 2707 classis
861 2642 1084 2730 transfugeret,
1097 2646 1140 2703 ant

133 2744 173 2790 ca
195 2737 309 2790 eretur.

173 2746 286 2877 Iillfll.
309 2811 405 2876 Olera
418 2830 457 2876 ea
470 2811 606 2877 victoria
620 2811 654 2874 in
669 2831 818 2895 praesens,
832 2813 867 2876 in
881 2824 1048 2897 posterum
1061 2809 1138 2876 usui:

134 2917 285 2982 armaque
299 2907 331 2962 et
344 2917 453 2978 naves,
467 2898 584 2982 quibus
607 2897 803 2982 indigebant,
828 2898 943 2983 adepti,
959 2898 1076 2986 magnai
1095 2907 1138 2978 pet

135 2984 326 3051 Germanias
342 2985 528 3067 Galliasque
547 2984 643 3064 fami,
659 2984 828 3048 ‘libertatis
849 2987 1004 3049 auctores’
1018 2983 1138 3050 celebra·

133 3073 260 3137 bantur.
305 3069 486 3135 Germaniae
502 3069 608 3135 statim
622 3069 736 3133 misere
747 3069 875 3155 legatos,
886 3070 1137 3134 auxiliaoffereu·

133 3170 190 3221 tes.
235 3158 416 3221 Galliarum
430 3155 614 3219 societatem
629 3153 744 3218 Civilis
767 3167 832 3219 arte
856 3155 1014 3238 donisque
1028 3153 1137 3217 affecta·

131 3242 195 3320 bat,
211 3252 318 3324 captos
334 3241 514 3305 cohortium
530 3239 685 3305 Paefectos
700 3259 775 3304 snas
789 3239 823 3303 in
835 3241 980 3305 civitates
994 3238 1135 3306 remitten-

133 3326 194 3390 do:
219 3325 412 3404 cohortibus,
428 3326 523 3405 abire,
538 3347 580 3390 an
592 3345 720 3390 manere
735 3327 878 3406 mallent,
892 3326 967 3390 datai
981 3330 1133 3409 potestate:

133 3409 338 3475 manentibus
352 3410 508 3472 honorate
532 3410 665 3490 militia;
689 3411 941 3495 digredientibus
965 3410 1065 3494 spolia
1084 3404 1132 3469 Re

133 3511 304 3560 manorum
325 3493 547 3559 offerebantur.
591 3495 709 3558 Simul.
722 3497 850 3561 seeretis
874 3497 1068 3562 sermonibus
1090 3485 1131 3551 ad·

133 3577 283 3642 monebat
298 3577 484 3655 ‘malorum
499 3597 569 3660 quae
585 3590 631 3642 tot
644 3579 739 3645 annis
753 3581 904 3663 perpessi,
919 3582 1063 3647 miseram
1080 3589 1129 3665 stt·

74 3700 77 3703 -
132 3660 365 3726 vitutemfalsb
385 3680 499 3743 pacem
521 3674 682 3727 vocarent.
725 3667 875 3748 Batavos,
889 3684 1067 3751 quanquam
1088 3669 1130 3720 ¹11·
