2392 4050
113 197 155 262 12
463 199 501 264 0.
516 197 627 263 Ouan.
642 195 780 261 'Prcmr
926 194 978 285 [A.
992 196 1033 262 U.
1050 183 1136 262 822.

110 378 233 435 nerent.
278 366 453 434 Exactioni
481 370 613 458 triginta
637 369 760 455 equites
785 368 923 434 Romani
947 368 1137 453 praeposi1i3

110 474 234 520 novum
259 448 358 519 officii
383 475 495 542 genua,
509 470 541 522 et
565 456 687 521 ambitu
711 475 749 520 ac
771 474 906 519 numero
931 474 1136 520 onerosum:

111 540 230 625 ubique
256 538 347 617 hasta
371 552 403 605 et
426 555 548 624 sector,
578 553 610 606 et
638 541 781 626 inquieta
811 541 886 605 urbs
912 541 1136 604 auctionibus.
1188 568 1189 591 t

86 666 96 696 ι
111 627 259 691 Attamen
276 625 397 710 grande
410 610 577 713 gaudium,
588 627 676 709 quod
691 638 756 690 tam
767 644 922 709 pauperes
933 625 1045 705 forent,
1056 624 1136 709 qui-

110 712 172 776 bus
182 711 330 776 donuset
341 712 435 791 Nero,
447 714 545 796 quim
554 715 671 797 quibus
683 711 872 777 abstulisset.
916 710 1136 776 Exauctorati

111 816 168 880 per
191 816 246 860 eos
271 795 340 861 dies
365 797 516 879 Tribuni,
538 819 557 862 e
579 798 739 878 Praetorio,
762 797 923 862 Antonius
947 797 1083 861 Taurus
1099 808 1136 859 et

112 882 276 947 Antonius
285 883 389 965 Nas03
405 903 446 948 ex
455 885 586 949 urbanis
595 883 780 949 cohortibus
792 882 1133 963 AEmiliusPacensis3

111 989 130 1033 c
143 968 265 1054 vigiliis
279 968 387 1034 Julius
403 969 534 1047 Fronto.
578 970 647 1035 Nec
662 969 841 1033 remedium
862 967 896 1033 in
919 979 1039 1033 ceteros
1055 966 1131 1049 fuit,

112 1052 168 1116 sed
191 1054 292 1118 metris
314 1053 465 1120 initium:
488 1064 641 1138 tanquam
664 1074 719 1138 per
744 1065 846 1118 artem
866 1064 898 1117 et
921 1052 1133 1149 formidipgm

89 1206 97 1215 ,
111 1138 237 1224 singuli>
248 1141 452 1227 pellerentur,
468 1143 618 1205 omnibus
632 1142 798 1224 suspectis.
1100 1150 1107 1159 '

68 1244 112 1271 ψ
155 1225 252 1289 XXI.
276 1227 400 1290 Interea
426 1226 596 1307 Othonem,
620 1227 684 1307 cui,
706 1222 890 1309 compositis
915 1225 1017 1303 rebus,
1033 1223 1132 1287 nulla

111 1330 193 1393 spes,
208 1330 303 1375 omne
319 1311 351 1375 in
368 1311 494 1393 turbido
509 1313 692 1392 consilium,
708 1312 816 1376 multa
823 1310 921 1374 simul
940 1289 1131 1374 exstilfflsd·
1189 1344 1190 1375 l

111 1397 205 1460 baut:
230 1397 361 1461 luxuria
374 1396 471 1461 etiam
486 1397 628 1482 Principi
643 1416 784 1477 onerosa,
799 1396 908 1478 inopia
921 1396 978 1459 vix
1000 1394 1130 1476 privato

97 1482 286 1562 toleranda,
302 1482 335 1547 in
352 1483 491 1547 Galbam
505 1483 561 1564 ira,
576 1484 610 1547 in
626 1483 778 1559 Pisonem
792 1480 924 1545 invidia.
969 1479 1131 1564 Fingebat

111 1578 144 1631 et
172 1579 303 1647 metum,
331 1567 395 1653 qud
420 1567 522 1654 magis
550 1568 807 1651 concupisceret..
844 1566 1064 1652 ‘Prae'gravem
1093 1585 1129 1628 se
1143 1582 1190 1645 ¹,

111 1653 235 1718 Neroni
249 1652 362 1717 fuisse:
385 1673 444 1718 nee
468 1652 669 1718 Lusitaniam
693 1671 813 1733 rursus,
828 1661 860 1716 et
879 1651 1010 1735 alterius
1034 1618 1129 1714 erdlii
1188 1648 1190 1653 ’

69 1800 74 1817 ἱ
111 1736 267 1803 honorem
280 1737 537 1823 expectandum:
560 1748 747 1823 suspectum
770 1753 905 1822 semper
920 1734 1128 1818 invisumque

110 1823 361 1905 dominantibus,
377 1825 434 1908 qui
457 1812 869 1909 proximus⁸destinarctun
913 1822 1071 1888 Nocuisse
1093 1820 1129 1886 id
1188 1850 1190 1899 l

111 1909 171 1973 sibi
187 1911 272 1993 apud
282 1912 392 1976 senem
407 1910 606 1996 Principem:
629 1909 730 1996 magis
741 1910 927 1974 nociturum
937 1906 1022 1992 apud
1034 1906 1128 1987 juve-

111 2013 197 2077 nem,
213 1997 344 2083 iugenio
366 2005 498 2079 trucem,
516 2007 548 2060 et
574 1996 671 2083 longo
693 1995 792 2062 exilio
817 1996 1001 2061 efferatum:
1024 1991 1128 2060 occidi
1190 2039 1191 2076 ,

85 2059 98 2163 ἶ
112 2082 275 2145 Othonem
288 2101 389 2174 pesse.
433 2082 571 2146 Proinde
586 2081 750 2164 agendum
772 2080 1032 2163 audendumque,
1046 2078 1127 2145 dum
1190 2079 1191 2156 l

112 2167 224 2232 Galba
238 2167 411 2232 auctoritas
424 2167 523 2249 fluxa,
531 2165 667 2232 Pisonis
681 2167 829 2232 nondum
839 2165 1019 2231 coaluisset.
1063 2167 1127 2248 Op
1190 2179 1191 2218 ὲ

111 2261 265 2335 portunus
281 2252 588 2338 magniaconatibus
602 2251 756 2316 transitus
771 2272 897 2316 rerum:
919 2270 979 2341 nec
997 2260 1127 2316 cuncta·

111 2336 200 2404 tione
221 2356 310 2422 opus,
332 2337 388 2401 ubi
414 2337 624 2421 perniciosior
647 2338 688 2401 sit
713 2340 812 2420 quies,
835 2337 934 2420 quina
957 2336 1125 2402 temeritas.

113 2421 417 2488 Mortem'o'muibus
427 2442 469 2488 ex
483 2423 598 2488 natura
610 2424 774 2508 aqualem,
789 2423 952 2490 oblivione
962 2421 1048 2505 apud
1059 2441 1128 2504 pos·

112 2517 196 2571 teras
211 2508 263 2572 vel
278 2507 379 2594 gloriis
392 2508 557 2596 distingui.
602 2506 661 2591 Ac,
675 2510 703 2572 si
717 2518 888 2573 nocentem
911 2507 1125 2571 innocentem-

69 2573 84 2690 }
111 2612 176 2676 quc
190 2592 277 2657 idern
291 2593 397 2661 exitus
411 2593 693 2695 maneat,(acrioris
707 2592 771 2658 viri
784 2614 864 2674 esse,
879 2593 992 2658 merito
1007 2572 1135 2675 perire.³l

70 2701 107 2760 ‚z
157 2679 270 2743 XXII.
294 2680 367 2744 Non
382 2690 449 2745 erat
463 2680 601 2745 Othonis
615 2680 722 2745 mollis
736 2690 768 2743 et
782 2681 907 2763 corpori
926 2678 1041 2742 similis
1059 2677 1125 2741 ani-

111 2783 195 2830 mus.
240 2765 284 2829 Et
312 2764 417 2829 intimi
452 2765 638 2831 libertorum
670 2783 913 2849 servorumque,
948 2764 1124 2845 corruptius

111 2850 258 2935 quimin
280 2851 403 2935 privati
423 2849 518 2914 domo
543 2851 653 2932 habiti,
669 2852 778 2916 aulam
803 2849 940 2918 Neronis
965 2861 997 2913 et
1018 2850 1124 2932 luxus,

113 2936 279 3016 adulteria,
306 2936 518 3018 matrimonia,
544 2948 629 3000 ceter
710 2956 728 3000 e
753 2936 942 3023 Regnorum
967 2934 1123 3016 libidines,

89 3021 209 3114 ,avido
222 3022 302 3085 taliu
363 3023 388 3086 s'
411 3042 451 3085 au
476 3031 550 3109 eret,
564 3033 603 3087 ut
622 2956 919 3171 Quantam&
941 3020 1124 3103 quiescenti,

113 3118 151 3173 ut
165 3109 310 3188 alienme
379 3127 428 3192 ¹r
482 3117 544 3188 pt:
566 3108 694 3193 urgenti
716 3128 755 3171 us
769 3107 866 3172 etiarn
884 3105 1123 3187 mathematicis,

113 3183 194 3258 dum
208 3201 446 3276 morasmoras,
457 3205 489 3257 et
499 3196 624 3259 clarum
633 3193 754 3257 Othoni
765 3213 897 3273 annum,
907 3191 1123 3256 observatione

111 3279 273 3357 siderum,’
288 3278 464 3343 affirmant:
485 3299 588 3364 genus
604 3278 773 3343 hominurn
786 3277 969 3362 potentibus
980 3276 1122 3359 infidum,

114 3364 296 3447 sperantibu
373 3366 449 3443 llax,
472 3364 559 3446 quod
582 3364 617 3427 in
640 3363 769 3428 civitate
794 3364 902 3428 nostri
926 3372 958 3424 et
971 3365 1124 3429 vetabitur

113 3468 247 3530 semper,
262 3460 294 3512 et
307 3468 341 3513 re
356 3448 503 3512 inebitur.
547 3449 670 3513 Multos
694 3460 815 3513 secreta
840 3450 982 3531 Poppaeae
1008 3448 1123 3512 mathe-

114 3533 256 3613 maneos,
267 3534 443 3615 pessimum
459 3534 650 3616 Principalis
662 3534 855 3597 matrimonii
866 3532 1121 3615 instrumentum,

114 3616 309 3681 habuerant:
337 3636 361 3679 e*
380 3618 497 3699 quibus
526 3619 726 3698 Ptolemaeus,
756 3618 878 3683 Othoni
905 3617 941 3681 in
971 3619 1124 3702 Hispanii

13 3731 15 3744 =
114 3718 230 3780 comes,
241 3701 314 3766 cum
329 3702 588 3786 ‘superfuturum
599 3723 677 3769 euna
687 3705 817 3770 Neroni’
828 3703 1032 3793 promisisset,
1044 3716 1122 3788 post·
