2392 4050
100 211 167 284 29⁰
456 218 494 281 Ο.
511 218 621 282 Gonu.
639 217 778 283 Taeter

99 388 165 454 nui
182 407 271 471 pace,
284 387 383 471 quam
396 387 483 453 bello
498 386 636 452 vexarit
681 388 797 453 Plures
811 398 922 453 tamen
937 390 1043 455 bonos
1057 412 1124 475 pre·

101 474 231 538 lictores
244 475 338 554 belle,
353 474 451 555 qulam
462 491 536 555 pax,
552 473 670 537 ferunt.
714 473 839 538 Similis
853 477 1051 557 eloquentie
1059 497 1124 540 con·

100 558 190 623 ditio.
235 559 330 637 Nam,
345 559 420 641 qud,
435 558 549 640 saepius
561 558 684 620 steterit
697 569 853 641 tanquam
865 559 898 623 in
913 563 994 640 acie,
1008 563 1124 645 qubque

100 644 211 727 plures
225 654 257 707 et
271 644 416 707 Intulerit
432 644 515 707 ictus
536 653 571 705 et
590 643 762 725 exceperit,
785 645 850 725 qud
865 645 971 725 major
988 648 1123 711 adversa·

100 728 169 792 rius
193 737 225 790 et
245 727 359 807 acrior,
381 728 515 812 quicum
536 746 664 811 pugnas
688 728 749 790 sibi
773 748 903 810 asperas
926 730 1121 807 desumserit,

100 813 190 876 tautb
205 813 300 876 altior
310 824 342 876 et
352 812 530 893 excelsior3
553 823 585 875 et
599 812 665 875 illis
676 812 864 876 nobilitatus
875 812 1121 894 discriminibus,

98 897 132 1045 pr
149 917 204 961 ore
220 897 389 972 homiuum
400 900 477 984 agit,
491 916 631 981 quornm
645 916 684 959 ea
698 906 814 961 natura
824 910 882 978 est,
897 910 936 962 ut
950 920 1064 963 secura
1073 920 1123 964 no·

113 982 171 1045 int.

142 1066 342 1130 XXXVIII.
366 1067 515 1132 Transeo
533 1066 574 1130 ad
593 1066 732 1131 formam
746 1077 778 1130 et
792 1068 1062 1132 consuetudinem
1076 1088 1121 1130 ve

99 1158 204 1214 terum
224 1149 426 1230 judiciorum
439 1174 447 1214 :
469 1171 541 1234 quae
554 1151 615 1214 etsi
628 1167 717 1215 nunc
732 1151 835 1233 optior
849 1161 899 1216 est
912 1153 1046 1233 civitati,
1066 1155 1121 1216 elo

97 1234 231 1318 quentia
245 1247 353 1299 tamen
377 1236 461 1300 illud
476 1238 583 1298 forum
598 1233 701 1319 magis
715 1237 890 1315 exercebat,
907 1238 942 1299 in
958 1257 1024 1320 quo
1035 1255 1120 1300 nemo

99 1320 184 1384 iutra
210 1321 420 1403 paucissimas
450 1319 546 1382 hores
574 1338 723 1401 perorare
750 1322 934 1403 cogebatur,
959 1332 992 1384 et
1021 1322 1119 1386 tibere

100 1404 454 1488 comperendinationes
468 1412 569 1482 erant,
584 1413 617 1464 et
628 1403 761 1466 modum
775 1404 903 1468 dicendi
919 1406 980 1468 sibi
993 1408 1119 1487 quisque

99 1487 255 1566 sumebat,
277 1498 309 1550 et
335 1507 493 1552 numerus
513 1507 620 1570 neque
640 1486 768 1551 dierum
791 1508 896 1569 neque
918 1500 1119 1570 patronorum

98 1571 282 1635 finiebatur.
326 1572 466 1653 Primus,
488 1573 581 1636 tertio
598 1572 789 1650 Consulem,
814 1574 874 1635 Gn.
891 1574 1064 1655 Pompeius
1077 1592 1120 1634 as·

8 1683 9 1690 ¹
99 1656 222 1735 uinxit,
245 1655 463 1739 imposuitque
479 1657 582 1721 retusi
598 1655 715 1719 fraenos
729 1657 928 1738 eloquentia,
951 1658 997 1721 ite
1009 1669 1117 1734 temen,

101 1752 140 1805 ut
154 1742 265 1806 omnia
288 1744 322 1805 in
343 1741 421 1820 foro,
444 1742 554 1804 omnia
578 1740 714 1824 legibue,
736 1741 848 1805 omnia
870 1742 958 1824 apud
973 1743 1118 1805 Praetores

101 1839 311 1912 gererentur:
335 1827 422 1910 apud
434 1845 516 1907 quos
530 1824 654 1907 quantd
668 1824 790 1904 majore
804 1826 934 1911 negotia
947 1829 1025 1890 oIIm
1039 1845 1118 1889 exer·

100 1912 166 1975 ceri
182 1913 277 1976 solita
291 1912 364 1989 sint,
387 1909 475 1993 quod
490 1911 595 1989 majus
610 1921 837 1992 argumentum
853 1920 911 1991 est,
925 1914 1023 1992 quam
1037 1910 1117 1992 quod

100 2015 208 2060 causae
221 1997 480 2074 centumvitales
497 2014 570 2077 quae
585 2013 676 2058 nuuc
693 1994 833 2076 primum
843 1995 991 2059 obtinent
1007 1998 1116 2075 locum,

100 2081 179 2144 aded
199 2082 369 2163 splendore
391 2082 528 2145 aliorum
548 2080 749 2161 judiciorum
773 2083 999 2159 obruebantur,
1020 2090 1055 2143 nt
1068 2099 1117 2143 ue·

98 2185 162 2248 que
178 2167 355 2245 Ciceronis,
370 2185 476 2249 neque
492 2166 637 2244 Caesaris,
660 2183 766 2245 neque
781 2165 883 2244 Bruti,
899 2185 1005 2247 neque
1021 2163 1115 2242 Caelii,

8 2268 9 2283 ¹
98 2267 205 2331 nequo
229 2251 333 2329 Calvi,
356 2270 422 2313 non
451 2249 590 2331 denique
615 2250 717 2313 ullius
742 2251 852 2333 magni
880 2251 1013 2314 oratoris
1035 2251 1113 2326 liber,

100 2335 187 2417 apud
213 2335 443 2398 centumviros
467 2334 583 2413 dictus,
607 2336 743 2419 legatur,
763 2335 906 2417 exceptis
930 2335 1113 2398 orationibus

100 2419 216 2497 Asinii,
239 2439 314 2502 quae
335 2442 398 2504 pro
423 2421 612 2483 lraeredibns
651 2420 802 2483 Urbr'niae
832 2421 1059 2494 inscribuntur,
1077 2418 1113 2479 eb

101 2504 172 2586 ipso
195 2515 301 2567 tamen
330 2505 489 2582 Pollione,
511 2504 627 2566 mediis
653 2503 730 2566 Divi
753 2505 896 2588 Augusti
922 2503 1112 2587 temporibus,

99 2587 225 2667 liabitae,
249 2600 419 2670 postquam
439 2590 536 2669 longa
550 2598 732 2670 temporum
752 2590 844 2671 quies
866 2590 1055 2652 continuum
1067 2605 1113 2667 po

8 2723 9 2751 ,
99 2673 170 2755 puli
196 2674 298 2735 otium
324 2684 355 2734 et
380 2674 512 2736 assidua
534 2673 673 2737 Senatus
699 2673 915 2755 tranquillitas
938 2685 970 2736 et
992 2670 1110 2736 maximi

8 2766 9 2773 ’
100 2755 259 2838 Principis
273 2756 446 2838 disciplina
462 2758 566 2840 ipsam
577 2777 707 2840 quoque
717 2758 945 2840 eloquentiam,
961 2758 1042 2822 sicut
1054 2773 1110 2817 orn

99 2841 157 2904 nia
172 2841 243 2917 alia,
260 2845 455 2921 pacaverat?

153 2925 311 2993 XXXIX.
349 2927 495 2989 Parvum
523 2938 555 2988 et
585 2926 762 2990 ridiculum
791 2924 924 2989 fortasse
954 2923 1109 2999 videbitur,

8 3050 9 3059 κ
98 3012 186 3094 quod
205 3011 349 3075 dIcturus
369 3031 451 3088 sum,
474 3011 581 3074 dicam
606 3023 723 3090 tamen,
746 3013 798 3074 vel
822 3010 895 3073 ideo
918 3022 956 3074 ut
975 3011 1108 3076 rideatur.

99 3098 274 3165 Quantum
288 3096 477 3160 humilitatis
492 3110 644 3177 putamus
656 3095 845 3178 eloquentiae
858 3096 1003 3159 attulisse
1016 3108 1108 3175 penu·

99 3181 148 3242 las
163 3182 249 3258 istas,
272 3181 390 3261 quibus
417 3180 544 3261 astricti,
559 3190 591 3242 et
609 3183 700 3244 velut
724 3180 844 3243 inclusi
865 3199 943 3242 cum
961 3176 1108 3259 judicibus

98 3264 306 3326 fabulemur?
329 3276 487 3346 quantum
509 3266 633 3328 virium
650 3264 825 3328 detraxisse
843 3264 983 3327 orationi
1002 3261 1108 3325 audito·

98 3350 147 3410 rie
167 3356 199 3410 et
218 3347 379 3411 tabularia
402 3349 573 3428 credimus,
596 3350 630 3413 in
655 3350 774 3431 quibus
793 3349 861 3428 jam
885 3347 951 3411 lere
977 3345 1106 3430 plurim

8 3456 10 3473 ·
97 3449 203 3491 causae
224 3432 457 3509 explicantur-t
501 3435 595 3512 Nam,
618 3433 780 3515 quomodo
797 3433 920 3497 nobiles
936 3451 1036 3515 equos
1048 3446 1107 3492 cttr·

95 3529 152 3572 sus
167 3521 199 3572 et
214 3513 317 3592 spatia
337 3516 494 3596 probant3
517 3517 565 3579 sic
589 3528 638 3579 est
661 3517 779 3599 aliquis
801 3527 965 3579 oratorum
980 3527 1106 3595 campus,

94 3607 153 3682 per
168 3613 267 3672 quem·
281 3594 342 3656 nisi
357 3597 448 3658 liberi
462 3609 495 3658 et
509 3600 608 3662 soluti
622 3600 775 3679 ferantur,
791 3601 977 3664 debilitetur
987 3619 1024 3662 ac
1036 3598 1107 3659 sran-

92 3680 179 3773 gttur
194 3677 388 3756 eloquentia.
433 3682 543 3762 Ipsam
556 3684 639 3763 quin
655 3684 754 3747 Immo
770 3704 894 3765 curam,
914 3697 946 3749 et
959 3677 1106 3769 diligentir
1125 3720 1128 3727 -
