2392 4050
123 143 169 211 82
469 141 792 212 G.Goar‹.'1'acr·rr
938 143 991 233 [A.
1007 143 1046 209 U.
1059 140 1131 207 822
1172 119 1173 132 ἵ

124 315 248 397 cianus,
274 315 435 382 ‘statuisse
455 315 633 396 Vitellium,
658 327 696 383 at
717 316 929 384 Germanicas
950 316 1087 404 legiones
1100 316 1132 380 in

65 439 68 446 ,
123 403 263 489 Syriam,
278 401 319 468 ad
332 400 481 469 militiam
493 404 682 487 opulentam
702 405 917 489 quietamque,
939 401 1113 468 transferret
1124 423 1132 482 3

124 490 236 554 contri
250 487 394 574 Syriacis
408 488 589 575 legionibus
603 490 799 556 Germanica
824 491 981 575 hyberna,
1003 489 1080 554 omlo
1099 506 1133 550 aa

124 575 289 642 laboribus
312 574 402 655 dura,
431 577 652 724 muwer!
708 576 842 661 Quippe
870 585 903 641 et
930 572 1133 660 provinciales

124 671 216 725 sueto
229 659 422 726 miiitumco
459 680 481 724 u
564 681 595 725 ro
609 660 801 749 gaudebunt,
815 662 959 747 plerique
974 658 1135 726 neeemitn·

124 745 255 811 dinibus
269 755 301 810 et
322 744 614 831 propinquitatibus
628 746 740 831 mixti3
762 758 795 812 et
816 746 974 812 militibus
989 752 1135 809 vetustata

124 830 358 916 stipendiorum
378 843 456 895 nota
477 842 509 897 et
531 830 706 897 familiaria
730 844 833 898 cmtra
847 832 883 900 in
897 830 1032 898 modum
1045 830 1135 895 Pene-

124 917 208 982 tium
221 916 278 981 dit·
321 919 448 982 bantur.

29 995 116 1104 >(
168 1003 230 1070 LX
321 1049 329 1067 .
351 1004 436 1068 Ante
451 1000 526 1066 idus
541 1001 621 1067 Julii
636 1002 733 1087 Syria
743 1002 851 1070 omnia
865 1003 898 1067 in
914 1000 1029 1067 eodem
1043 1018 1136 1064 sacra-

125 1097 235 1153 manto
248 1087 319 1152 fuit.
363 1089 535 1154 Accessere
553 1103 630 1152 curn
643 1105 745 1176 regno
760 1090 930 1170 Sohemns,
952 1085 1041 1152 baud
1062 1103 1137 1169 sper·

125 1171 243 1239 nendis
266 1173 412 1256 viribus3
446 1174 637 1255 Antiochus,
666 1174 802 1239 vetustis
830 1174 945 1258 opibus
972 1172 1087 1258 ingena
1110 1179 1136 1232 et

126 1258 373 1325 inservientium
386 1259 515 1348 Regum
527 1259 705 1325 ditissimus
716 1273 727 1324 τ
746 1279 825 1325 mox
838 1278 895 1344 per
917 1258 1064 1323 occultos
1076 1275 1138 1320 suo·

126 1363 201 1409 rum
214 1344 347 1410 nuntios
360 1345 486 1412 excitus
507 1347 548 1410 ab
568 1346 648 1410 urbe
663 1344 814 1433 Agrippa,
837 1346 951 1433 ignaro
964 1342 1074 1407 adhue
1094 1340 1136 1405 Vi-

126 1429 225 1509 tellie,
240 1430 337 1495 celeri
348 1430 556 1516 navigatione
565 1441 810 1527 properaverat:
833 1430 1030 1497 necminore
1041 1429 1137 1492 animo

128 1513 256 1601 Regina
270 1515 425 1579 Berenice
445 1527 549 1601 partes
560 1518 705 1597 juvabat,
727 1514 845 1581 florens
859 1527 952 1581 etate
973 1513 1137 1597 formaque,

128 1609 160 1664 et
171 1600 241 1664 seni
255 1620 384 1684 quoqne
399 1601 596 1686 Vespasiano
610 1602 850 1688 magnificentiis
865 1618 1042 1666 munerum
1052 1609 1137 1686 grata

128 1685 299 1771 Quicquid
313 1686 553 1771 provinciarum
566 1687 700 1752 alluitur
716 1689 806 1768 meri,
822 1688 1010 1769 Asinaeque
1026 1682 1138 1749 Aclrsii

127 1782 232 1852 tenus,
246 1784 469 1857 quantumque
482 1774 640 1837 introrsus
654 1774 689 1839 in
710 1773 851 1839 Pontum
864 1784 896 1837 et
911 1771 1084 1838 Armenios
1095 1789 1136 1852 ps·

128 1858 230 1938 tescit,
241 1857 416 1942 juravero:
439 1859 495 1924 sed
520 1858 660 1923 inermes
683 1857 797 1947 Legati
818 1859 980 1944 regebant,
1003 1854 1138 1920 nondun

128 1942 244 2009 additis
270 1943 481 2030 cappadocie
505 1945 696 2032 legionibus.
755 1944 939 2010 Consilium
960 1942 1001 2008 de
1024 1940 1137 2006 summi

128 2049 239 2096 return
263 2029 372 2114 Beryti
397 2031 563 2097 habitum:
599 2030 681 2095 illuc
706 2031 891 2112 Mucianus,
919 2048 997 2094 cunr
1021 2027 1137 2114 legatis

130 2115 353 2200 Tribunisqoe
367 2127 400 2180 et
418 2116 679 2201 splendidissimo
701 2134 830 2201 quoque
853 2115 1091 2182 dentationum
1108 2130 1136 2175 as

129 2200 401 2282 militum,veuit:
422 2213 482 2267 ete
494 2201 631 2267 Judaico
644 2202 788 2267 exercitu
799 2204 882 2266 lecta
892 2202 1018 2266 decora.
1064 2200 1135 2264 'lan

129 2295 201 2351 tum
214 2284 313 2351 simui
328 2286 473 2371 peditum
486 2290 705 2372 equitumque,
726 2298 757 2352 et
772 2287 999 2353 aemulantium
1016 2284 1098 2350 inter
1110 2300 1135 2346 se

130 2370 179 2436 Rc
212 2390 259 2437 rm
272 2385 411 2456 paratus,
424 2374 567 2459 speciem
580 2374 717 2440 fortuna
733 2372 926 2457 Principalis
939 2370 1114 2436 effecerant.

204 2458 350 2525 XXXII.
374 2459 483 2545 Prima
496 2458 573 2526 belli
588 2479 676 2540 cura,
702 2478 797 2546 agere
818 2460 981 2524 delectus:
1004 2471 1137 2521 revocm

130 2553 316 2609 veteranos:
338 2543 540 2610 destinantur
554 2545 670 2612 valida
692 2545 836 2609 civitates
849 2541 1040 2610 exercendis
1053 2559 1136 2607 armo

131 2647 206 2694 rum
228 2629 386 2695 officinis:
409 2630 495 2714 apud
519 2630 753 2696 Antiochenses
777 2648 893 2697 aurum
918 2642 1136 2717 argentumque

130 2714 296 2800 signatur:
310 2734 412 2800 eaque
422 2726 541 2782 cuncta
550 2734 608 2800 per
617 2716 748 2782 idoneos
759 2715 1008 2796 ministros,suis
1018 2726 1135 2799 quaque

103 2878 108 2889 Ι
131 2800 221 2881 loeis,
235 2799 477 2866 festinabamus.
520 2803 593 2885 lpse
607 2803 823 2885 Vespasianus
842 2801 939 2882 edire,
954 2800 1084 2878 hortari,
1095 2798 1136 2859 bo

132 2885 305 2968 noslaude,
315 2906 431 2973 segnes
439 2890 596 2973 exemplo,
607 2888 741 2953 incitare
750 2889 873 2973 srepilrs,
882 2889 980 2971 quim
988 2891 1135 2958 coilroertt

131 2971 211 3037 vitia
225 2993 259 3037 m
303 2973 327 3035 ‘s
342 2973 527 3055 amicornm,
547 2973 647 3057 quim
660 2973 794 3039 virtutes
808 2973 1027 3038 dissimulans.
1068 2964 1136 3060 Mtlf

132 3068 181 3123 tos
205 3078 270 3141 prae
283 3060 402 3125 acturis
422 3072 455 3124 et
481 3057 779 3143 procurationibus;
802 3061 972 3144 plerosque
992 3060 1134 3125 &aaron

131 3142 255 3208 ordinis
270 3145 391 3211 honere
405 3145 569 3229 percoluit,
594 3144 740 3232 egregios
761 3146 848 3212 viros
870 3155 902 3209 et
926 3162 1004 3209 tnox
1027 3152 1135 3207 summa

132 3227 282 3312 adeptoa3
305 3230 499 3312 quibusdam
520 3230 652 3295 fortuna
670 3250 730 3314 pro
744 3231 915 3296 virtutibus
929 3228 1002 3295 suit.
1045 3229 1135 3293 Dent·

132 3314 237 3377 tivum
245 3313 341 3379 militi
352 3335 457 3399 neque
469 3316 644 3380 Mucianus
653 3316 757 3400 primi
767 3315 932 3394 concione,
941 3314 1005 3379 nisi
1018 3307 1133 3384 modicis

132 3396 335 3482 ostenderat3
356 3418 398 3464 ne
413 3401 630 3484 Vespasianus
643 3400 774 3484 quidem
796 3404 869 3487 plus
891 3401 979 3466 civili
994 3400 1076 3466 bello
1093 3393 1134 3457 ob

133 3482 218 3561 tulit,
239 3484 337 3565 quim
357 3483 412 3548 alii
435 3484 469 3549 in
483 3504 580 3568 pace:
602 3487 731 3572 egregie
747 3486 860 3552 firmus
875 3484 1025 3552 adversita
1038 3479 1133 3550 milio·

134 3586 204 3631 rem
218 3567 428 3654 largitionem,
443 3569 545 3652 abque
558 3570 703 3636 exercitu
725 3573 864 3639 meliore.
908 3572 999 3636 Missi
1024 3569 1063 3635 ad
1076 3567 1134 3631 Pet

134 3652 229 3717 thum
250 3653 505 3738 Atmaniumque
528 3654 635 3740 legati,
658 3658 898 3742 provisumque,
920 3674 972 3740 ne,
991 3655 1086 3722 versis
1103 3644 1135 3714 td
