2392 4050
70 137 106 205 A.
121 139 156 206 G.
170 141 232 231 oe]
341 141 800 210 Hrsrort.L1n.Srcouoos.
1035 143 1080 208 77

25 369 26 372 ,
69 310 221 395 ingratum
235 315 340 395 militi,
354 315 409 382 cui
424 313 537 381 eadem
550 316 663 381 munia
678 315 761 380 inter
776 333 907 401 paucos,
921 314 1077 401 pericula·

68 419 124 481 que
138 421 175 465 ac
190 403 278 466 labor
299 403 438 468 crebribs
460 401 626 468 redibant:
648 415 680 467 et
696 403 781 467 vires
800 403 881 467 luxu
898 420 1079 484 corrumpe·
1105 401 1111 414 '

67 484 185 568 bantur,
200 499 312 552 contra
325 497 464 553 veterem
478 487 693 573 disciplinam,
703 499 735 553 et
744 487 890 553 instituto
901 485 1082 570 majorum:

67 568 146 668 apud
169 592 251 656 quos
277 572 404 658 virtute,
428 576 526 660 quim
547 574 696 660 pecunie,
721 593 771 638 res
793 572 942 638 Romana
962 571 1078 637 melitis

67 666 154 719 stetit.

47 699 206 810 ΔἓΙιΧΧψ
240 742 320 809 Inde
346 744 495 810 Vitellius
524 745 717 810 Cremonam
742 743 840 826 flexit,
869 753 912 826 et,
938 753 1079 829 spectato

66 843 190 893 munere
206 830 354 912 Gaecinae,
370 831 514 897 insistere
529 830 794 897 Bedriacensibus
809 829 939 930 capnpis,
955 841 993 893 ac
1008 847 1079 892 vcs-

64 910 136 999 tigia
145 913 283 978 recentis
291 915 432 982 victoriae
447 919 582 981 lustrare
593 919 698 982 oculis
710 916 905 998 concupivit.
935 914 1078 980 Foedum

65 1006 151 1079 atque
171 1010 266 1064 atrox
287 1002 526 1085 spectaculum:
548 1002 634 1066 intra
655 1001 937 1090 quadragesimum
957 1019 1076 1086 pugne

63 1080 142 1147 diem
156 1084 417 1171 laceracprpora,
440 1088 547 1172 trunci
571 1098 669 1169 artus,
691 1101 799 1173 putres
813 1087 959 1151 virorum
979 1105 1077 1169 equo·

64 1184 191 1254 mmque
214 1170 336 1254 formae,
351 1173 469 1237 infecta
483 1175 556 1238 tabo
582 1173 711 1257 humus,
733 1170 888 1259 protritris
908 1172 1075 1237 arboribus

63 1252 253 1342 acimgibus
266 1255 340 1341 dirq
350 1259 498 1342 vastitas:
521 1279 582 1324 nec
596 1261 703 1324 minirs
717 1240 985 1350 inhumenspars
999 1256 1074 1339 via,

62 1356 152 1419 quam
167 1343 505 1409 Cremonenseslauro
517 1345 661 1430 rosisque
673 1349 920 1425 constraverant,
932 1352 1076 1407 exstruc-

63 1422 98 1497 tis
111 1419 594 1515 nunbutcaesisque'victimls,
617 1427 757 1533 Regium
777 1430 812 1494 in
826 1447 970 1494 morem:
992 1447 1074 1512 quoe,

63 1508 127 1573 leta
147 1511 183 1576 in
201 1531 354 1603 presens,
378 1535 454 1580 mox
473 1504 652 1599 perniciem
674 1517 751 1601 ipsis
776 1515 888 1581 fecere.
931 1513 1076 1579 Aderant

63 1593 171 1661 Valens
185 1606 219 1662 et
244 1599 384 1680 Oaecina,
407 1588 691 1687 monstrdraotque
713 1622 831 1690 pugne
846 1603 952 1665 locos:
976 1598 1073 1665 ‘binc

62 1682 195 1765 erupisse
211 1685 379 1771 legionum
393 1705 519 1773 agmen,
535 1686 613 1753 hinc
625 1687 748 1771 equites
759 1697 903 1752 coortos:
925 1685 1001 1749 inde
1013 1686 1074 1750 cir·

62 1768 218 1834 cumt‘usas
226 1770 425 1836 auxiliorum
436 1775 571 1836 manus.²
615 1774 689 1838 Jam
698 1771 841 1837 Tribuni
852 1769 1071 1853 Praeiectique,

62 1868 114 1915 sua
126 1855 262 1938 quisque
276 1855 362 1921 facta
375 1859 573 1940 extollentes,
588 1857 679 1939 salsa,
694 1877 778 1939 vera,
794 1867 850 1921 aut
861 1855 983 1938 majora
994 1874 1072 1919 vero

61 1937 238 2004 miscebant.
283 1941 409 2030 Vulgus
423 1962 552 2028 quoque
573 1944 723 2026 militum,
745 1943 885 2008 clamore
906 1951 937 2005 et
952 1938 1072 2029 gaudio

60 2019 217 2091 deflectere
231 2027 294 2110 vil,
309 2028 412 2113 spatia
429 2031 643 2096 certaminum
662 2048 898 2118 recognoscere,
921 2044 1072 2117 aggerem

61 2126 223 2192 armorum,
247 2125 350 2179 strues
374 2133 546 2198 corporum
568 2117 697 2198 intueri,
720 2114 838 2182 mirari.
897 2115 943 2180 Et
967 2121 1069 2195 erant,
1093 2110 1101 2130 ⁸

60 2212 131 2276 quos
143 2198 234 2262 varia
248 2197 312 2263 fors
333 2217 450 2281 rerum,
477 2202 693 2286 lacrymaeque
708 2212 740 2268 et
753 2199 970 2268 misericordia
984 2198 1070 2265 subi·

62 2288 116 2343 ret:
136 2293 170 2348 at
182 2302 249 2349 non
267 2284 416 2351 Vitellius
438 2285 528 2352 flexit
542 2289 662 2369 oculos,
677 2308 738 2352 nec
753 2296 799 2352 tot
813 2287 916 2353 millia
930 2284 1072 2368 insepul-

62 2373 159 2432 torum
172 2369 297 2435 civium
309 2371 494 2436 exhormit:
517 2374 608 2439 laetus
628 2374 724 2454 ultro,
739 2382 770 2438 et
795 2384 860 2438 tam
879 2372 1069 2458 propinques

60 2454 166 2516 sortisi
214 2455 325 2535 arus‚i
365 2457 510 2521 taurabat
524 2452 652 2522 saonrni
667 2446 740 2524 Diis
754 2459 828 2524 loci.

97 2537 155 2605 LX
192 2541 216 2605 l.
240 2540 307 2605 Exi
398 2542 503 2608 noniae
529 2563 548 2606 a
570 2544 673 2608 Fabio
697 2544 830 2611 Valente
852 2541 1069 2631 gladiatorum

61 2627 271 2704 spectaculum
284 2626 398 2706 editur,
414 2626 547 2691 advecto
569 2648 611 2692 ex
625 2632 704 2694 urbe
724 2631 825 2694 cultu.
869 2630 1069 2711 Quantoque

61 2709 152 2795 magis
174 2710 415 2796 propinquabat,
430 2714 518 2778 tanto
540 2715 721 2800 corruptius
743 2715 811 2796 iter,
833 2715 988 2780 immixtis
1002 2712 1068 2778 his·

61 2792 206 2885 trionibus
221 2808 253 2860 et
266 2796 444 2880 spadonum
456 2801 608 2886 gregibus
618 2814 649 2865 et
660 2813 764 2865 cetero
776 2801 968 2867 Neronianae
980 2799 1066 2864 aulae

62 2881 196 2965 lugeni03
219 2902 359 2966 namque
383 2893 416 2947 et
438 2884 602 2950 Neronem
625 2887 733 2971 ipsum
755 2886 905 2952 Vitellius
931 2884 1067 2949 admira·

62 2962 136 3030 tione
146 2968 333 3050 celebrabat,
344 2968 457 3033 sectari
468 2980 649 3036 cantantem
659 2972 779 3053 solitus,
791 2992 856 3036 nou
869 2970 1065 3051 necessitate,

61 3049 117 3130 qui
130 3051 372 3118 honestissimus
393 3055 537 3139 quisque,
561 3057 618 3121 sed
641 3059 723 3121 luxu
747 3067 780 3121 et
801 3056 921 3143 saginae
945 3056 1066 3121 manci·

62 3144 334 3222 pateremurque.
379 3140 423 3205 Ut
437 3140 563 3207 Valenti
586 3153 618 3205 et
638 3143 773 3210 Caecinae
795 3163 914 3208 vacuos
933 3142 1065 3208 honoris

62 3232 175 3286 menses
189 3224 334 3307 aperiret,
349 3229 500 3290 coarctati
514 3230 649 3294 aliomm
666 3230 874 3309 Consulatus,
885 3228 1064 3294 dissimula·

62 3310 106 3366 tus
119 3306 223 3372 Martii
235 3310 346 3391 Macri,
358 3322 512 3395 tanquam
524 3314 781 3380 Othonianarum
792 3315 932 3400 partium
944 3315 1063 3382 Ducis:

63 3397 89 3451 et
106 3391 266 3459 Valerium
289 3396 460 3480 Marinum,
485 3399 680 3464 destinatum
704 3422 724 3465 a
750 3402 853 3467 Galbai
879 3401 1063 3485 Consulem,
1108 3467 1110 3472 .

64 3468 181 3561 distulit,
201 3480 295 3545 nulli
308 3482 438 3562 offensi,
453 3484 508 3549 sed
523 3480 634 3551 mlte‘m
646 3497 678 3550 et
699 3487 852 3570 injuriam
865 3487 1004 3584 segniter
1018 3492 1063 3554 la-

65 3562 168 3629 turum.
212 3565 373 3631 Pedanius
389 3570 487 3634 Costa
507 3573 673 3653 omittitur,
688 3573 833 3662 ingratus
858 3575 1011 3655 Principi,
1025 3585 1062 3639 ut

65 3641 199 3716 odrersbs
222 3651 384 3720 Neronem
407 3675 513 3739 ausus,
527 3667 565 3808 pp
581 3656 722 3746 Verginii
743 3659 983 3723 exstimulatur:
1005 3658 1062 3722 sed
