2392 4050
235 286 238 291 -
338 263 386 311 na
402 243 642 310 Oaa'ronrnns
657 242 850 311 Dracones.
1047 247 1112 315 aba

81 412 160 475 cula
174 411 397 496 loquebantur.
442 412 529 476 Nam
551 414 687 479 lucrosa
709 413 811 495 hujus
831 423 864 478 et
886 415 1113 500 sanguinantis

79 496 274 578 eloquentiae
289 517 378 577 usus,
394 514 506 562 recens
521 509 553 561 et
567 500 663 562 malis
678 501 821 564 moribus
834 509 940 578 natus,
956 509 1062 581 atque,
1074 511 1113 564 ut

81 591 119 643 tu
135 581 274 661 dicebas,
298 584 395 665 Aper,
418 583 453 646 in
468 584 578 647 locnm
592 582 649 646 teli
664 594 817 666 reperttm
861 583 1012 646 Ceterum
1031 582 1113 649 felix

80 663 177 744 illud,
192 678 233 745 et,
248 677 286 730 ut
300 686 388 730 more
399 678 508 731 nostro
524 668 648 750 loquar,
663 687 801 732 aureum
812 667 982 745 seculum,
997 676 1029 730 et
1042 686 1112 731 ora·

81 758 190 813 torum
204 763 237 813 et
259 750 436 816 criminum
462 751 564 833 inops,
587 752 691 835 poetis
711 762 745 814 et
767 750 896 812 vatibus
916 748 1111 832 abundabat,

80 835 140 916 qui
157 836 237 899 bene
258 834 342 900 sacta
355 844 520 915 canerent,
540 855 608 899 non
620 834 680 917 qui
702 835 787 899 name
808 831 949 895 admissa
960 832 1112 899 mande·

80 928 165 981 rent.
210 921 280 984 Nec
295 920 374 983 ullis
389 929 446 982 sut
463 920 569 1004 gloria
592 918 705 994 major,
726 925 782 977 aut
802 917 970 1000 augustior
984 915 1109 982 honor:

80 1004 222 1085 primum
246 1004 334 1086 apud
355 1006 451 1080 Deos,
475 1019 619 1082 quorum
639 995 780 1078 prolerre
803 1017 959 1081 responsa
978 1013 1011 1066 et
1029 1002 1111 1067 inte·

80 1106 168 1151 resse
182 1089 288 1170 epulis
304 1087 517 1150 ¹serebantur:
539 1078 657 1142 deinde
682 1080 766 1162 apud
791 1081 875 1145 illoe'
889 1082 962 1146 Diis
981 1086 1108 1170 genitos

79 1190 254 1254 sacrosque
269 1172 383 1254 Reges,
407 1166 490 1227 inter
503 1180 586 1245 qnos
598 1163 765 1229 neminem
779 1165 1029 1248 causidicorum,
1051 1171 1111 1235 sed

81 1255 215 1337 Orphea
227 1275 266 1317 ac
281 1254 413 1327 Linum,
435 1266 483 1328 ne,
505 1247 533 1310 si
548 1246 757 1331 introspicere
772 1248 868 1313 altilis
881 1251 974 1332 velis,
994 1250 1108 1334 ipsum

79 1339 268 1420 Apollinem
279 1335 483 1415 accepimus:
506 1333 568 1409 vel,
582 1332 611 1395 si
623 1331 694 1396 baec
705 1331 853 1398 sabulosa
867 1334 965 1400 nimis
978 1345 1011 1399 et
1021 1356 1109 1402 eom·

78 1424 185 1504 posita
199 1418 360 1496 videntur,
381 1417 465 1480 illud
479 1417 564 1479 certe
580 1416 661 1481 mibi
673 1417 838 1500 concedis,
852 1421 950 1503 Aper,
966 1438 1033 1486 non
1047 1422 1110 1486 mi·

77 1523 197 1568 uorem·
208 1502 365 1565 honorem
380 1500 532 1581 Homero,
548 1508 649 1582 quam
664 1502 884 1585 Demostheni,
896 1505 987 1587 apud
1002 1517 1107 1588 poste-
1172 1570 1174 1577 ,

77 1606 150 1651 ros:
173 1581 233 1648 nec
248 1585 488 1672 angustioribus
504 1585 649 1648 terminis
663 1584 784 1650 lamam
799 1586 970 1670 Euripidis
981 1600 1039 1652 aut
1049 1591 1107 1654 So

76 1669 214 1753 pboclis,
227 1676 329 1752 quam
341 1671 448 1752 Lysiae
458 1678 515 1741 aut
527 1666 711 1751 Hyperidis,
721 1668 866 1734 includi:
888 1673 998 1753 plures
1008 1673 1106 1738 hodie

76 1754 226 1836 reperies,
239 1754 298 1836 qui
315 1752 482 1818 Ciceronis
492 1754 641 1834 gloriam,
651 1754 752 1834 quim
764 1753 823 1835 qui
835 1754 973 1840 Virgiliu
987 1754 1109 1822 detrec·

76 1848 156 1900 tent
202 1839 271 1902 Nec
289 1839 380 1901 ullus
402 1837 509 1902 Asinii
531 1848 590 1901 aut
613 1837 760 1900 biennale
785 1838 866 1902 liber
887 1849 956 1902 tam
969 1839 1108 1904 illustris

76 1931 135 2001 est,
150 1923 250 2006 quim
265 1921 381 1986 Medea
398 1920 520 2001 Ovidii,
535 1933 592 1986 aut
605 1917 694 1984 Varii
711 1921 883 2005 Thyestes

121 2008 216 2073 Xlll.
239 2009 288 2071 Ac
313 2027 356 2071 ne
381 2007 546 2072 fortunam
566 2004 701 2090 quidem
714 2017 837 2087 nanim,
863 2016 898 2072 et
920 2006 1004 2074 illud
1025 2009 1106 2081 felix

75 2092 338 2172 contubernium,
368 2111 556 2174 comparare
584 2090 751 2156 timuerim
776 2111 857 2156 curn
892 2094 1039 2177 inquietis
1074 2111 1107 2165 et

76 2176 178 2239 anxia
192 2186 356 2249 oratorum
379 2176 457 2241 vita.
500 2177 594 2241 Licet
617 2176 691 2240 illos
711 2176 892 2241 certamina
910 2187 943 2241 et
961 2184 1108 2263 pericula

76 2280 138 2324 sua
152 2260 194 2323 ad
210 2262 406 2327 Consulatus
421 2260 607 2325 evexerint:
631 2262 716 2324 melo
730 2280 884 2325 secumm
897 2272 930 2326 et
944 2278 1107 2332 secretum

76 2344 209 2430 Virgilii
222 2364 394 2425 aecessum,
416 2345 451 2409 in
465 2364 531 2428 quo
545 2357 653 2409 tamen
667 2345 876 2427 neque-opud
898 2347 1024 2413 Divum
1039 2352 1106 2414 Au·

75 2444 212 2513 gustum
290 2430 474 2510 traconit,
497 2448 604 2511 neque
628 2428 715 2512 apud
737 2430 901 2512 Populum
918 2430 1106 2501 Romanum

76 2514 200 2578 amitit.
280 2525 362 2577 estes
373 2515 514 2601 Augusti
525 2514 678 2596 epistolae,
694 2512 862 2596 testisipse
874 2518 1023 2598 populus,
1037 2520 1106 2601 qui,

76 2598 197 2663 auditis
212 2599 247 2662 in
261 2600 385 2662 theatro
400 2599 548 2663 versibus
563 2597 705 2683 Virgilii,
719 2598 861 2662 surrexit
874 2600 1058 2684 universus
1073 2613 1106 2669 et

75 2683 158 2747 torte
182 2695 371 2766 praesentem
393 2694 655 2767 spectantemque
670 2682 846 2769 Virgilium
861 2689 1106 2754 veneratusest

75 2768 134 2847 sic,
157 2769 251 2851 quasi
278 2770 474 2854 Augustum
519 2769 569 2834 Ne
592 2766 709 2832 nostris
733 2768 869 2850 quidem
894 2773 1103 2856 temporibus,

78 2852 256 2918 Secundus
271 2852 475 2935 Pomponius
497 2853 579 2917 Afro
600 2852 747 2916 Domitio
761 2854 814 2916 vel
833 2851 992 2938 dignitate
1016 2856 1103 2935 vitae,

73 2940 128 3002 vel
143 2938 354 3020 perpetuitate
368 2937 471 3018 fame,
485 2937 626 3000 cesserit.
671 2935 757 3000 Nam
772 2937 912 3017 Crispus
921 2948 953 3001 et
969 2937 1105 3002 Marcel·

75 3022 140 3103 lus,
163 3023 203 3086 ad
217 3041 359 3105 quorum
372 3022 523 3102 exempla
547 3039 599 3082 nte
614 3038 722 3099 vocas,
742 3018 820 3100 quid
847 3019 968 3084 nabent
989 3022 1024 3085 in
1040 3021 1104 3087 hac

73 3108 137 3171 sut
150 3106 281 3170 senuna
295 3103 620 3189 concupiscendum?
643 3120 685 3168 an
696 3102 783 3184 quod
799 3103 936 3168 timenti
959 3124 1001 3170 an
1015 3105 1105 3190 qubd

75 3191 258 3255 timenturl
279 3191 375 3273 qubd,
397 3193 473 3255 cum
485 3188 631 3273 quotidie
644 3187 767 3269 aliquid
782 3197 945 3273 rogentur,
967 3191 1012 3272 hi,
1033 3192 1105 3276 qui-

76 3277 139 3342 bus
154 3285 315 3359 praestaut,
331 3273 568 3361 indignantur?
589 3271 679 3356 qubd
692 3272 817 3359 alligati
831 3272 1025 3357 adulatione,
1041 3297 1104 3344 nec

76 3359 317 3443 imperantibus
330 3379 477 3443 unquam
487 3355 563 3423 satis
573 3359 659 3424 serui
670 3356 832 3436 videntur,
846 3377 907 3425 nec
918 3361 1011 3426 nobis
1025 3363 1104 3426 satis

75 3445 198 3511 liberi?
243 3447 332 3515 Qua
346 3445 418 3509 hec
437 3463 568 3508 summa
583 3461 700 3507 corum
722 3441 953 3523 potentiana?
976 3454 1104 3509 tantum

75 3549 171 3614 posse
195 3528 301 3594 liberti
320 3530 434 3593 solent.
478 3529 533 3591 Me
547 3529 626 3593 verb
650 3526 796 3604 ‘dulces’
820 3537 861 3589 ut
875 3525 1103 3615 Virgilius-nit,

74 3614 221 3691 ‘Musaess
236 3623 396 3677 remotum
411 3633 431 3675 a
445 3612 706 3677 solicitudinibus
720 3619 753 3669 et
762 3608 858 3685 curie,
868 3616 901 3666 et
916 3613 1106 3666 necessitate

74 3697 224 3784 quotidie
237 3696 362 3778 aliquid
376 3704 488 3761 contra
502 3697 651 3758 animum
664 3687 817 3765 sscnndi,
830 3688 866 3748 in
881 3686 939 3747 illa
952 3696 1053 3758 saera,
1068 3681 1106 3742 il·
1173 3786 1174 3789 Ἴ

560 3776 604 3838 23
