2392 4050
20 326 21 333 ἵ
80 243 158 309 ab.
171 243 233 330 bb]
363 241 776 309 H1aron.L1n.Pn1uns.
1033 243 1077 307 35

79 418 151 497 ulus,
172 415 278 482 addite
296 414 446 480 advetus
470 415 630 502 Tigellini
652 415 764 481 odium
779 412 901 478 recenti
923 412 967 479 Τ.
989 412 1077 479 Vinii

20 518 22 577 ζ
78 500 202 567 invidie:
225 520 417 566 concurrere
431 522 449 566 e
463 503 529 567 toti
550 503 630 567 urbe
650 503 686 566 in
708 500 865 585 palatium
886 518 925 563 ac
944 498 1021 580 sora,
1035 510 1077 580 et,

20 584 22 661 g
77 587 124 650 ubi
137 588 271 671 plurima
284 588 377 674 vulgi
390 587 529 666 licentia,
544 588 579 652 in
594 587 765 653 circumeo
778 586 901 651 theatra
914 583 1018 667 effusi,
1032 604 1079 649 se·

20 668 22 711 ³
75 671 185 738 ditiosis
208 673 342 739 vocibus
366 672 561 758 obstrepere:
597 673 701 739 donec
729 671 926 760 Tigellinus,
949 681 1079 754 accepto

78 758 152 841 apud
164 759 376 825 Sinuessanas
391 779 491 841 equas
505 778 661 844 supremae
676 758 874 824 necessitatis
887 757 1013 838 nuntio,
1030 755 1079 821 in·

20 908 22 911 ,
77 853 118 907 ter
137 855 241 929 stupra
265 845 520 911 concubinarum
542 856 573 909 et
594 848 706 911 oscula
730 855 763 910 et
783 843 940 909 deformes
961 861 1077 923 moras,

77 932 159 1010 sectis
172 929 332 995 novaouli
355 928 512 1012 faucibus,
536 929 690 997 infamem
705 931 808 997 vitam
824 928 957 1011 ioedavit
980 929 1080 994 etiam

20 1048 21 1055 κ
75 1015 153 1080 onitu
166 1035 235 1080 sero
249 1026 282 1080 et
299 1015 480 1081 inhonesto.
1089 1050 1147 1097 ..t..

25 1089 69 1163 „2-
112 1096 266 1166 LXXIII.
289 1101 451 1167 Paridem
465 1111 590 1186 umpus
603 1102 805 1185 expostulata
823 1097 864 1164 ad
881 1099 1080 1183 supplicium

76 1186 184 1251 Oalvia
194 1185 381 1270 Crispinilla
391 1187 488 1251 variis
497 1187 761 1268 frustrationibus,
773 1198 804 1251 et
812 1185 945 1253 adverse
954 1185 1079 1250 dissim-

75 1271 184 1336 ulantis
208 1272 367 1354 Principis
389 1272 483 1355 fami,
505 1273 651 1356 periculo
675 1284 801 1339 exemta
824 1280 890 1337 est:
927 1271 1080 1358 magistra

52 1429 55 1434 ,
76 1355 235 1423 libidinum
259 1357 406 1432 Neronis,
426 1367 624 1443 transgressa
642 1361 677 1424 iu
690 1358 842 1437 maleam,
869 1354 911 1420 ad
926 1357 1079 1442 instigan-

74 1441 145 1506 dum
158 1444 191 1508 in
206 1463 296 1507 arma
319 1442 472 1508 Clodium
486 1445 643 1525 Macmm,
658 1444 776 1511 famem
799 1444 918 1527 populo
933 1442 1080 1507 Romano

76 1525 154 1593 haud
170 1529 304 1593 obscure
320 1529 439 1609 molita,
454 1529 550 1593 totius
571 1540 681 1614 postea
694 1529 832 1597 civitatis
844 1528 981 1613 gratiam
1001 1527 1080 1592 obti-

20 1618 21 1621 ’
75 1613 152 1694 nuit,
173 1614 344 1679 consulari
373 1614 577 1679 matrimonio
599 1616 748 1697 subnixa,
767 1626 799 1680 et
821 1612 909 1697 apud
930 1614 1079 1692 Galbam,

76 1698 235 1779 Othonem,
250 1698 419 1763 Vitellium
432 1700 552 1768 illaesa:
574 1721 652 1766 mox
664 1713 777 1785 potens
790 1698 929 1785 pecunia
941 1709 974 1765 et
998 1698 1080 1764 orbi-

73 1792 138 1865 tate,
151 1805 222 1868 quae
237 1784 330 1849 bonis
345 1786 501 1868 malisque
515 1788 711 1870 temporibus
724 1786 819 1869 juxti
830 1786 950 1850 valent.

33 1814 70 2016 i
111 1871 256 1937 LXXIV.
279 1870 405 1937 Orebrae
426 1871 563 1951 interim,
577 1882 610 1935 et
627 1872 837 1938 muliebribus
851 1867 1080 1935 blandimentis

76 1952 198 2037 infectae,
214 1957 254 2020 ab
269 1956 399 2020 Othone
414 1956 455 2021 ad
471 1957 639 2022 Vitellium
656 1958 809 2042 epistolae,
824 1955 999 2021 offerebant
1014 1961 1081 2037 ‘pe

75 2042 197 2107 cuniam
207 2053 238 2107 et
248 2042 386 2128 gratiam
396 2052 428 2106 et
437 2063 672 2128 quemcumque
686 2043 801 2129 quietis
816 2045 926 2109 locum
939 2039 1080 2125 prodigae

76 2125 144 2189 vita
158 2128 304 2213 legisset’
347 2127 443 2192 Paria
457 2128 607 2196 Vitellius
620 2131 805 2212 ostentabat,
826 2127 931 2214 primb
944 2127 1080 2209 mollitis,

76 2213 164 2278 stulti
176 2213 339 2295 utrimque
352 2223 384 2278 ct
397 2213 546 2279 indecori
559 2215 781 2282 simulatione:
803 2234 889 2294 mox,
904 2213 996 2296 quasi
1015 2212 1080 2277 rix·

78 2308 165 2381 antes,
175 2308 286 2382 stupra
296 2298 459 2384 etflegitia
472 2298 612 2366 invicem
624 2299 840 2384 objectavere3
861 2309 974 2365 neuter
988 2297 1080 2364 salso.

77 2381 163 2465 Otho,
181 2384 349 2464 revocatis,
365 2404 445 2466 quos
461 2386 566 2450 Galba
580 2386 715 2470 miserat,
737 2386 858 2473 legatis,
874 2404 985 2450 rursus
999 2384 1081 2448 alios

78 2467 290 2561 edutnrmque
300 2470 533 2535 Germanicum
547 2472 726 2537 exercitum
739 2483 770 2539 et
780 2472 821 2536 ad
835 2470 996 2557 legionem
1006 2470 1081 2534 Ital·

78 2566 151 2618 uam
167 2575 292 2638 easque,
305 2574 379 2638 quae
394 2555 550 2642 Lugduni
565 2558 711 2641 agebant,
726 2557 841 2641 copias,
856 2556 962 2639 speeie
981 2556 1082 2621 Sena·

79 2636 121 2700 tin
134 2640 225 2704 misit,
268 2640 383 2737 Legati
406 2641 493 2723 apud
515 2641 682 2708 Vitellium
703 2643 892 2722 remansere,
915 2640 1080 2724 promtius,

79 2724 164 2804 qrrim
174 2736 209 2791 ut
219 2735 334 2790 retenti
348 2724 544 2791 viderentur.
587 2727 780 2809 Praetoriani,
795 2749 885 2812 quos,
900 2745 956 2810 per
969 2726 1082 2793 simul-

81 2808 207 2877 ationem
216 2811 324 2892 officii,
336 2810 449 2897 legatis
459 2811 544 2878 Otho
555 2813 755 2895 adjunxerat,
763 2813 897 2891 remissi,
909 2822 1082 2895 antequam

82 2891 248 2978 legionibus
263 2897 482 2961 miscerentur.
525 2898 656 2964 Addita
679 2900 786 2964 istolas
809 2899 931 2963 Fabius
953 2899 1081 2979 Valens,

20 2995 22 3068 ,
82 2981 197 3046 nomine
212 2982 399 3047 Germanici
413 2984 578 3065 exercitale,
593 2984 633 3049 ad
649 2921 817 3050 iratenens
830 2995 861 3049 et
876 2984 1016 3049 urbanas
1030 3004 1082 3048 co·

82 3062 184 3148 hortea,
199 3067 238 3131 de
253 3067 377 3134 viribus
391 3068 530 3151 partium
544 3070 732 3155 magnificas
745 3080 776 3134 et
790 3067 995 3135 concordiam
1008 3069 1082 3134 offe-

81 3162 181 3217 rentes.
224 3154 413 3236 increpabat
422 3154 515 3236 ultrd,
529 3155 628 3239 ‘quod
639 3157 726 3222 tanto
736 3157 809 3221 ante
821 3155 974 3220 traditum
985 3155 1082 3220 Vitel-

83 3233 297 3321 liolmperium
307 3238 348 3301 ad
359 3238 523 3306 Othonem
531 3242 730 3307 vertissent).
752 3238 1082 3324 Itapromississimul

83 3340 116 3384 ac
134 3324 225 3388 minis
247 3324 472 3407 tentabuntnr3
496 3334 548 3391 ‘ut
568 3328 655 3393 bello
674 3327 820 3413 impares,
845 3327 879 3392 iu
902 3345 981 3410 paee
997 3328 1081 3392 nihil

83 3407 215 3475 amissuri
227 3414 244 3475 :²
265 3429 371 3493 neque
385 3409 456 3475 ideo
471 3412 743 3478 Praetorianorum
757 3414 836 3478 fides
851 3422 982 3478 mumta.

120 3493 244 3563 LXXV.
266 3496 332 3563 sed
347 3495 546 3564 insidiatores
568 3501 609 3565 ab
632 3499 759 3564 Othone
773 3500 805 3562 in
830 3496 1084 3579 Germaniam,a

20 3569 22 3704 l
85 3573 198 3670 liullio
211 3584 245 3647 in
259 3583 374 3646 urbem
388 3581 496 3647 missi:
518 3583 879 3669 utrisquefrnstrhiuit3
901 3583 1083 3648 Vitellianis

20 3709 22 3748 ξ
84 3668 212 3747 impune,
227 3687 283 3751 per
294 3677 417 3734 tantam
427 3668 597 3735 hominum
609 3669 859 3746 multitudinem,
872 3666 1084 3759 mutabigno-

20 3769 22 3848 l
85 3750 176 3817 rentii
195 3753 399 3820 fallentibus:
422 3754 610 3837 Othoniani,
635 3754 777 3820 novitate
797 3753 915 3831 vultus,
933 3750 1083 3813 omnibns
