2392 4050
328 207 384 254 on
397 187 564 254 Mourena
588 188 811 257 Genusum.
1013 189 1079 256 213

58 358 149 425 unde
164 379 187 426 r
228 360 294 424 itus
308 359 500 428 infantium:
520 361 557 426 hi
570 361 689 445 cuique
708 360 901 428 sanctissimi
915 367 1019 443 testes,
1040 360 1078 427 hi

59 446 196 511 maximi
224 446 399 513 andatores.
444 446 496 513 Ad
510 458 635 530 matres,
653 445 698 512 ad
712 446 868 533 conjuges
885 448 1023 512 vulnera
1035 445 1080 513 le-

58 542 154 597 runt:
178 551 240 596 nec
255 532 319 599 illae
331 527 509 613 numerare,
525 543 581 596 aut
595 533 723 619 exigere
738 534 859 619 plagas,
873 542 1014 617 pavente
1035 531 1081 598 ei·

58 618 182 701 bosque
196 628 228 682 ct
241 617 424 681 hortamina
434 617 655 703 pugnantibus
670 628 806 705 gestant

100 703 194 768 vill.
218 702 546 787 Memoriaeproditur,
557 703 715 787 quasdam
724 704 819 784 acies,
830 703 1000 769 inclinatas
1010 701 1080 785 jam

58 797 88 853 et
101 788 258 871 labantes,
271 810 293 854 a
306 787 446 854 seminis
460 789 629 870 restitutas,
643 788 821 856 consonat
834 808 968 874 precum
980 799 1012 853 ot
1025 789 1080 853 ob-

55 872 144 955 jectu
159 883 337 959 pectorum,
358 883 390 937 et
409 873 585 939 monstrati
602 875 751 939 cominus
765 874 958 959 captivitate,
980 893 1080 958 qnam

60 961 155 1064 longe
179 958 395 1044 impatientibs
416 959 625 1024 smminarum
645 979 779 1026 suarum
795 960 928 1025 nomine
942 959 1078 1025 timent:

58 1045 144 1129 adea
161 1057 201 1110 ut
211 1045 375 1110 efficaciis
386 1044 569 1130 obligentur
584 1045 685 1118 animi
698 1045 876 1125 civitatum,
897 1046 1017 1129 quibus
1029 1044 1079 1111 in·

59 1140 104 1195 tor·
124 1130 257 1198 obsides
276 1129 394 1214 pu'ellae
417 1150 548 1214 quoque
572 1131 697 1196 nobiles
719 1130 925 1215 imperantur.
968 1132 1079 1197 messe

59 1217 136 1300 quin
150 1213 255 1281 etiam
268 1226 416 1280 sanctum
429 1214 551 1298 aliquid
564 1226 597 1279 et
611 1215 782 1299 providum
796 1226 927 1301 putant:
950 1236 1011 1281 nec
1021 1228 1079 1283 ant

58 1302 196 1367 consilia
210 1321 324 1365 earum
337 1312 557 1385 aspernantur,
571 1311 629 1365 aut
641 1320 793 1386 responsa
806 1303 987 1389 negligunt.
1023 1302 1078 1368 Vi·

58 1387 166 1453 dimus
182 1388 243 1451 sub
260 1387 347 1454 Dirc
367 1386 572 1469 Vespasiano,
594 1386 759 1468 Veledam,
779 1387 847 1453 diu·
858 1388 945 1473 apud
959 1389 1078 1472 pleros·

58 1492 119 1557 que
139 1472 297 1540 Numinis
318 1472 391 1536 loco
414 1472 565 1540 naniam
608 1472 674 1540 Sed
696 1484 728 1539 at
749 1475 830 1538 olim
853 1474 1025 1539 Anrminm
1044 1483 1078 1539 et

59 1560 242 1643 complures
260 1557 339 1621 alias
355 1557 498 1621 venerati
520 1566 607 1639 sunt,
630 1558 911 1641 nonadulatione,
933 1577 994 1625 nec
1008 1570 1077 1628 tan·

60 1664 159 1729 qnam
174 1642 318 1708 iacerent
331 1642 427 1707 Dens.
513 1679 515 1683 >

32 1749 34 1760 ·
100 1730 165 1796 IX.
197 1730 343 1793 Deorum
368 1725 510 1793 maxime
536 1726 737 1794 Mercurium
758 1729 879 1808 colunt,
901 1723 957 1793 cul
981 1727 1078 1794 certis

60 1814 175 1881 diebus
196 1812 347 1878 humanis
368 1832 497 1898 quoque
508 1812 630 1877 ,haulis
649 1813 741 1878 litare
759 1813 808 1878 iss
826 1812 954 1877 mbent
997 1813 1078 1878 Her·

62 1902 169 1966 sulem
193 1920 232 1964 ac
258 1898 392 1963 Martem
417 1898 578 1964 concessis
607 1899 798 1965 animalibus
822 1899 974 1983 placant:
1003 1917 1078 1984 pars

62 1985 248 2053 Succorum
260 1995 292 2049 st
305 1982 385 2049 Isidi
404 1984 573 2057 sacrificat.
617 1983 713 2051 Unde
731 2003 831 2049 eausa
844 1993 875 2049 et
889 1984 977 2070 oripo
990 2002 1078 2069 pere-

61 2073 153 2158 grino
168 2090 269 2151 sacro,
284 2089 402 2154 parum
415 2071 564 2154 comperi,
585 2069 650 2136 nisi
664 2070 750 2156 qubd
763 2071 895 2159 signum
908 2070 1025 2156 ipsum,
1040 2069 1077 2137 in

61 2156 346 2223 modumliburnae
413 2166 550 2236 uratum,
573 2155 675 2239 docet,
697 2157 864 2223 advectam
877 2157 1078 2244 religionem.

63 2243 219 2321 Ceterum,
241 2260 302 2306 nec
317 2240 391 2305 colii
432 2260 465 2306 re
486 2241 661 2325 parietibus
682 2243 778 2324 Deos,
799 2261 906 2326 noque
924 2243 960 2307 in
973 2243 1078 2308 ullam

62 2327 197 2394 humani
211 2326 276 2392 oris
290 2325 430 2413 speciem
446 2327 647 2408 assimulare,
668 2348 712 2394 ex
730 2326 953 2414 magnitudine
967 2328 1079 2391 coeles·

62 2413 143 2481 tium
164 2413 377 2478 arbitrantur:
399 2414 491 2479 lucos
504 2430 542 2476 ac
556 2431 690 2478 nemora
701 2422 897 2494 consecrant,
919 2413 1079 2477 Deorum·

62 2517 122 2582 que
135 2498 322 2565 nominibus
336 2494 498 2581 appellant
518 2509 679 2563 secretum
692 2498 783 2581 illud,
805 2498 893 2584 quod
906 2496 974 2563 soli
989 2516 1079 2562 reve·

62 2584 163 2649 rentii
177 2582 299 2651 rident
342 2584 505 2668 Auspicia,
527 2594 700 2668 sortesque,
721 2594 759 2651 ut
771 2585 829 2671 qui
850 2583 1002 2666 maximis,
1023 2583 1093 2661 ob-¹

65 2679 202 2736 servam.
580 2702 583 2713 ι

105 2756 147 2823 Χ.
173 2755 317 2821 Sortium
341 2753 540 2825 consuetudo
565 2755 724 2840 simplex:
755 2756 890 2842 virgam,
913 2754 1078 2854 frugifera

64 2841 167 2906 arbori
180 2841 330 2921 decisam,
352 2840 387 2905 in
401 2841 548 2925 surculos
563 2850 741 2924 amputant,
761 2860 888 2927 eosque,
909 2852 995 2907 notrs
1007 2840 1078 2924 qui·

65 2925 199 2992 busdam
212 2927 373 3005 dbcrctos,
395 2942 491 3008 super
505 2926 676 2991 candidam
689 2937 812 2993 vestem
828 2927 947 2991 mmarb
963 2945 1001 2990 ac
1015 2925 1079 2989 for·

63 3012 143 3076 tuitb
165 3023 342 3110 spargunt:
375 3029 462 3090 mox,
486 3010 514 3073 si
539 3011 669 3094 publice
695 3012 892 3090 consuletur,
919 3009 1079 3076 Sacerdos

65 3096 209 3179 civitatis,
232 3117 283 3163 sm
301 3096 460 3180 privatim,
482 3092 551 3178 ipse
569 3094 797 3178 paterfamiliae,
818 3105 966 3179 precatus
981 3095 1079 3180 Deos,

65 3184 245 3268 colamque
259 3181 445 3267 suspiciens,
466 3193 514 3244 ter
528 3180 674 3278 singulos
688 3180 780 3261 tollit,
800 3181 952 3262 sublatos,
966 3201 1080 3249 secun·

65 3265 139 3334 dum
151 3268 338 3354 impressam
351 3277 425 3331 ante
441 3277 559 3348 notam,
581 3275 815 3350 interpretatur
858 3266 894 3334 si
909 3267 1081 3350 prohibue-

67 3363 150 3434 mut,
163 3357 257 3420 nulla
269 3353 309 3419 de
323 3353 434 3419 eisdem
447 3372 482 3418 re
496 3353 530 3418 in
545 3352 686 3418 eundem
698 3351 784 3420 diem
797 3354 1007 3436 consultatio,
1026 3355 1079 3420 sin

68 3439 263 3523 permissum,
285 3438 502 3524 auspiciorum
522 3438 631 3504 adhuc
644 3438 725 3505 fides
743 3439 892 3528 exigitur.
935 3438 982 3503 Et
996 3439 1081 3507 illud

69 3522 195 3606 quidem
208 3527 305 3592 etiam
323 3524 377 3591 hic
393 3535 516 3605 notum,
538 3525 651 3590 arium
663 3546 759 3591 voces
772 3528 962 3606 volatusque
982 3523 1081 3587 inter-

70 3626 200 3693 rogare:
218 3611 386 3696 proprium
408 3610 522 3696 gentis,
543 3628 703 3693 equorum
723 3629 851 3692 quoque
873 3606 1080 3688 praesagisse
1106 3620 1108 3623 ·

70 3695 207 3764 monitus
228 3697 385 3786 experiri:
407 3694 536 3781 publice·
554 3697 688 3761 aluntur
708 3691 825 3757 iisdem
842 3685 1025 3757 nemoribus
1040 3702 1080 3747 sc

460 3830 462 3835 ⁴
504 3820 509 3833 b

424 3846 438 3875 s*
491 3858 499 3867 1
523 3837 554 3849 '¹
577 3834 581 3841 ¹

406 3870 436 3930 pi!
471 3844 489 3885 ι
530 3883 544 3917 s,
587 3908 589 3915 .

403 3922 417 3949 r!
