2392 4050
94 225 161 291 248
446 220 765 297 &obaudissent

93 412 210 473 rorem,
224 390 413 458 editioribus
427 392 509 457 locis
530 390 717 456 constiterat
731 390 784 472 ita,
797 401 834 456 nt
848 390 996 475 primum
1008 408 1112 482 agmen

94 498 198 564 aequo,
213 479 318 558 ceteri,
341 496 397 561 par
420 476 544 541 acclive
563 475 685 562 jugum
706 477 849 541 connexi
862 478 957 542 uelut
981 480 1070 543 insur
1103 514 1113 528 ·

94 573 185 644 rent;
208 562 316 627 media
328 562 434 646 campi
454 560 640 625 covinarius
664 569 697 627 et
718 579 818 644 eques
840 561 979 644 strepitu
1003 584 1041 628 ac
1079 563 1111 626 is

94 666 194 715 curm
217 648 405 731 complebat.
462 645 555 711 Turn
656 643 746 725 cola,
775 657 950 728 superante
979 648 1112 711 hasnum

94 730 313 810 multitudine,
329 730 615 810 vernantissima
644 730 679 793 in
693 729 840 810 frontem,
855 731 956 796 simul
979 742 1012 795 et
1026 734 1112 796 latera

93 834 230 883 snorum
248 823 458 900 pugnaretur,
477 813 624 878 diductis
646 812 824 893 ordinibus,
845 833 1036 899 quanquam
1050 835 1112 899 por·

93 902 210 966 rectior
223 901 307 964 acies
321 898 433 963 lutura
445 908 522 979 erat,
537 909 569 963 et
585 896 819 963 ‘arcessendas’
856 901 984 981 letique
1007 900 1111 987 ‘legio

93 987 162 1052 nes'
176 984 398 1061 adurouebant,
424 981 580 1064 promtior
600 982 636 1049 in
649 1001 749 1065 spem,
774 992 808 1046 et
905 1004 946 1048 us
968 983 1109 1066 advenis

92 1070 224 1135 dimisso
277 1087 321 1131 uo
335 1067 518 1150 pedesanta
530 1068 653 1131 vexilla
663 1066 814 1130 constitit.

137 1152 296 1219 XXXV.
318 1152 367 1217 Ac
389 1152 493 1234 primo
515 1170 577 1215 con
603 1170 693 1215 ressu
706 1150 837 1215 eminus
857 1154 1057 1221 certabatur:
1075 1151 1111 1214 si·

93 1239 165 1305 mul
179 1235 370 1318 constantii,
384 1236 482 1300 simul
496 1245 563 1299 arte
577 1171 736 1315 Britanni,
752 1234 940 1321 ingentibus
961 1238 1073 1324 gladiis
1084 1245 1112 1300 et

92 1323 244 1391 brevibus
265 1321 370 1401 catria,
393 1320 529 1396 missilia
550 1329 735 1384 nostrorum
756 1321 868 1400 vitare,
882 1324 937 1385 vel
961 1332 1110 1399 mentem,

92 1418 188 1489 atque
211 1406 273 1488 ipsi
396 1423 450 1467 arn
475 1404 545 1469 vim
564 1406 705 1475 telorum
727 1403 981 1488 superfundere:
1017 1408 1109 1470 donec

91 1490 246 1637 Aggicola
260 1498 324 1552 tres
375 1495 544 1553 atavorum
566 1488 714 1553 cohortes
737 1509 774 1553 ac
797 1490 1016 1574 Tungrorum
1037 1490 1108 1554 duas

92 1593 131 1639 co
155 1582 276 1638 ortatus
296 1583 354 1652 est,
378 1586 415 1636 ut
436 1591 507 1636 rem
530 1572 572 1637 ad
595 1592 768 1638 mucrones
787 1593 827 1637 ac
847 1593 968 1639 manus
982 1574 1109 1638 adduce·

91 1668 181 1723 rant:
203 1657 292 1741 quod
305 1667 339 1720 et
353 1656 439 1740 ipsis,
454 1666 613 1721 vetustate
625 1657 758 1739 militie,
771 1657 996 1741 exercitatum,
1007 1668 1037 1722 et
1046 1659 1111 1722 hos

91 1742 177 1809 tibus
191 1742 345 1821 inhabile,
356 1759 457 1823 parva
472 1751 565 1805 scuta
578 1751 611 1804 et
620 1761 768 1809 enormes
779 1742 904 1828 gladios
915 1743 1109 1829 gerentibnst

90 1845 169 1893 nam
182 1827 414 1891 Britannorum
427 1823 529 1911 gladii
542 1825 614 1888 sine
626 1844 782 1890 mucrone
795 1828 1007 1909 complexum
1017 1844 1108 1892 armo
1151 1828 1157 1843 '

90 1930 173 1990 rum,
185 1911 263 1975 etin
275 1910 809 1995 apertopugnamnontolerabant.
831 1910 945 1996 Igitur,
956 1922 993 1975 ut
1002 1908 1106 1974 Bataui

90 1995 226 2060 miscere
241 1995 335 2074 ictus,
350 1992 445 2059 ferire
459 1993 664 2074 umbonibus,
680 2012 736 2057 ora
749 1992 878 2074 foedare,
892 2005 925 2057 at
939 1995 1046 2059 stratis
1057 1993 1107 2078 qui

89 2079 125 2143 in
140 2099 234 2161 aequo
249 2079 446 2156 obstiterant,
458 2078 582 2163 erigere
596 2078 632 2142 in
647 2079 747 2142 colles
757 2077 861 2142 aciem
872 2079 1019 2162 coepbre5
1034 2089 1106 2141 oete

89 2180 133 2227 raa
148 2164 305 2241 cohortes,
321 2163 527 2226 emulatione
546 2172 578 2224 at
601 2161 724 2245 impetu
748 2162 936 2244 commistae,
950 2162 1106 2245 proximos

88 2265 235 2334 quosque
249 2245 390 2310 caedere:
413 2265 451 2308 ac
462 2245 608 2328 plerique
621 2245 807 2326 seminasse,
822 2256 878 2309 aut
888 2246 1016 2332 integri,
1030 2245 1107 2310 sesti·

89 2331 220 2396 natione
234 2330 386 2410 victoria,
412 2329 687 2411 relinquebantur.
730 2330 865 2395 Interim
878 2332 1025 2413 equitum
1048 2340 1106 2394 tur·

89 2433 153 2480 mae
172 2414 293 2501 fregere,
314 2414 499 2478 convinarii
518 2412 663 2496 peditum
684 2433 718 2477 se
738 2415 851 2497 praelio
871 2415 1050 2482 miscuere:
1069 2424 1104 2493 et,

88 2519 277 2582 quanquam
301 2508 466 2563 recentem
489 2508 643 2563 terrorem
666 2498 852 2580 intulerant,
873 2499 985 2563 densis
1006 2509 1105 2562 tamen

89 2584 234 2666 hostium
246 2583 432 2669 agminibus
446 2591 478 2646 et
492 2581 707 2665 inaequalibus
723 2583 801 2647 locis
815 2584 1000 2647 haerebant:
1020 2581 1106 2646 mini·

89 2670 208 2749 meque
232 2667 389 2748 equestris
414 2687 453 2731 ea
476 2686 598 2753 pugna
623 2666 721 2732 incias
746 2675 823 2745 erat,
849 2672 924 2731 cunr
947 2668 1031 2753 aegrb
1054 2666 1103 2729 diu

88 2761 217 2830 stantes,
228 2751 326 2815 simul
341 2770 502 2833 equorum
515 2751 703 2833 corporibus
714 2751 965 2833 impellerentur,
980 2771 1018 2815 ac
1027 2749 1103 2832 sepi

89 2836 165 2899 vaei
177 2854 303 2916 curma,
312 2835 456 2898 exterriti
467 2836 536 2899 sine
548 2836 723 2899 rectoribus
734 2834 819 2916 equi,
833 2845 870 2899 ut
880 2855 1041 2918 quemque
1050 2834 1103 2898 for·

88 2889 177 2986 mido
191 2921 319 2999 tulerat,
331 2929 540 2999 transversos,
548 2929 613 2983 but
626 2920 739 2984 obvios
754 2920 970 2983 incursabant

132 3004 314 3069 XXXVII.
351 3004 396 3067 Et
420 3003 577 3082 Britanni,
607 3004 663 3088 qui
692 3003 799 3067 adhuc
825 3023 945 3089 pugnae
966 3011 1102 3086 expertes

89 3107 219 3153 summa
246 3089 383 3155 collium
410 3087 604 3166 insederant,
636 3097 669 3152 at
702 3086 899 3170 paucitatem
929 3097 1101 3151 nostrorum

88 3173 187 3237 vacui
210 3175 411 3256 spernebant,
435 3170 567 3256 degredi
589 3171 754 3253 paulatim,
778 3182 811 3234 at
832 3172 1005 3237 circumire
1024 3181 1103 3253 terga

88 3256 292 3321 vincentium
305 3265 488 3338 creparent:
511 3255 546 3320 ni
562 3254 705 3338 idipsum
724 3255 846 3321 veritus
860 3256 1022 3339 Agricola,
1035 3271 1101 3337 qur·

88 3352 163 3404 tuor
183 3340 332 3420 equitum
353 3342 431 3419 alas,
454 3339 495 3403 ad
520 3338 628 3403 subita
647 3340 724 3403 balli
747 3348 893 3419 retentas,
909 3338 1101 3404 venientibus

88 3423 297 3503 opposuisset,
312 3424 498 3517 quantbqffl
522 3423 658 3487 ferocius
674 3435 891 3504 accurrerant,
907 3425 997 3487 tantb
1011 3420 1101 3489 acriis

87 3506 200 3597 pulsos
216 3505 252 3566 in
266 3503 379 3586 fugam
393 3505 580 3585 disjecisset
625 3507 674 3571 Ita
688 3507 862 3572 consilium
884 3508 1101 3573 Britannorum

88 3602 124 3647 rn
143 3585 229 3665 ipsos
242 3604 391 3651 versum:
413 3599 669 3670 transvectaeque
683 3602 844 3674 praecepto
860 3593 963 3656 Ducis
977 3614 997 3657 a
1009 3591 1100 3655 frona

88 3669 307 3749 pugnantium
315 3670 384 3749 ala,
395 3689 543 3737 aversam
551 3671 697 3739 hostium
707 3675 812 3741 aciem
823 3675 983 3742 invasere.
1020 3674 1100 3741 'lum
