2392 4050
63 181 95 245 h
109 182 142 247 Ο.
156 181 217 270 bh]
249 145 254 153 ’
325 180 476 246 Hrs'roa.
491 178 782 244 Lmsacosnua.
1017 180 1061 244 73

62 355 204 436 sqrralidos
225 353 338 435 tenuit,
358 351 462 417 donec
487 350 596 431 auditi,
619 350 808 415 necessariis
832 350 936 438 anagia
956 353 1062 424 ahten-

61 440 186 506 siouibns
214 441 313 523 quam
340 439 482 503 honestis
509 448 684 502 uterentur.
733 435 950 503 Proditionem
976 441 1064 504 nltrd

62 523 265 608 imputabant;
291 524 650 608 ‘spatiumlorlgiante
674 523 823 607 praelium
848 521 979 605 itineris,
993 525 1063 590 fati·

61 612 204 694 pauonem
218 610 486 691 Othonianorum,
502 609 698 693 permixtum
713 608 872 672 uehiculis
958 630 1009 689 en,
1024 631 1063 676 ae

60 697 194 780 pleraque
219 696 356 776 fortuita,
382 694 489 759 fraudi
514 695 592 759 snae'
616 693 833 781 assignantes:
859 706 890 758 et
942 695 1064 761 itellius

30 833 31 836 ,
60 782 177 847 credidit
190 783 229 848 de
244 780 387 865 perfidia,
402 790 433 845 et
446 781 545 844 fidem
563 780 710 844 absolvit.
754 777 885 845 Salvius
901 780 1064 863 Titianus,

58 866 180 933 Othonis
193 867 298 947 frater,
313 867 444 930 nullum
457 865 629 930 discrimen
651 866 739 946 adiit,
756 866 871 949 pietate
885 876 917 930 et
931 867 1063 952 ignavia

59 964 225 1018 exornatus.
270 952 373 1016 Mario
396 951 492 1015 Celso
515 952 712 1015 Consulatus
733 962 898 1016 servatur:
920 953 976 1016 sed
997 974 1065 1018 ere·

59 1036 150 1102 ditum
160 1039 255 1119 fama,
267 1037 490 1121 objectumque
501 1056 577 1100 mox
589 1037 624 1101 in
633 1037 754 1101 Senatu
765 1035 896 1102 Gaeeilio
905 1038 1062 1122 Simplici,

59 1124 151 1205 ‘qubd
175 1145 251 1189 eum
274 1124 430 1186 honorem
457 1122 593 1206 pecumh
615 1123 761 1203 mercari,
784 1141 845 1185 nec
870 1124 940 1188 sine
963 1124 1063 1190 exitio

58 1209 142 1290 Celsi,
153 1209 326 1274 voluisset)
368 1208 495 1271 Restitit
507 1207 675 1289 Vitellius;
698 1208 848 1290 deditque
860 1219 968 1291 postea
978 1211 1064 1274 Gon·

57 1297 186 1360 sulatum
213 1293 362 1376 Simplici
391 1293 563 1357 innoxium
589 1304 622 1359 et
650 1294 817 1358 inemtum.
862 1295 1064 1361 Trachalum

58 1382 194 1445 adversas
209 1380 417 1444 criminantes
432 1380 571 1459 Galeria,
585 1399 671 1445 uxor
686 1378 816 1461 Vitellii,
830 1383 977 1464 protexit.

92 1467 176 1532 LXI.
199 1468 286 1531 Inter
299 1484 491 1551 magnorum
502 1465 649 1529 virorum
659 1464 847 1529 discrimina
860 1466 1065 1553 (pudendum

57 1549 148 1637 dictu)
164 1552 326 1615 Mariccus
347 1549 488 1633 quidam,
502 1569 520 1612 e
535 1552 627 1633 plebe
649 1552 811 1631 Boiorum,
835 1553 973 1617 inserere
995 1574 1065 1619 sem

58 1636 198 1701 Fortunae
212 1648 244 1701 et
258 1656 431 1719 provocare
446 1655 535 1699 arma
553 1635 709 1715 Romana,
724 1636 928 1701 simulatione
951 1639 1065 1704 Numi-

58 1738 128 1787 num
151 1742 250 1786 ausus
271 1732 328 1785 est.
372 1723 508 1804 Jamque
524 1728 675 1786 ‘assertor
698 1723 881 1786 Galliarum
902 1733 934 1787 et
955 1725 1064 1805 Deus}

58 1809 177 1892 (nomen
203 1806 237 1870 id
258 1807 319 1872 sibi
342 1806 523 1894 indiderat)
537 1808 674 1871 concitis
697 1817 769 1870 octo
792 1807 937 1874 millibus
962 1809 1064 1872 homi·

57 1911 133 1974 nam,
148 1893 311 1977 proximos
326 1892 509 1958 AEduorum
520 1912 620 1978 pagos
639 1891 784 1955 trahebat
797 1913 804 1974 ;
828 1895 901 1957 ciam
916 1894 1065 1981 gravissi·

55 1980 230 2060 nativitas,
246 1977 348 2044 electa
359 1977 538 2060 juventute,
554 1977 686 2060 adjectis
701 1979 858 2045 alitellio
868 1980 1065 2064 cohortibus,

56 2062 217 2131 fanaticam
241 2063 481 2129 multitudinem
505 2064 638 2145 disjecit.
684 2066 804 2150 Captus
829 2068 863 2130 in
889 2086 927 2130 eo
952 2067 1063 2150 praelio

59 2148 207 2215 Mariccus
222 2171 260 2214 ac
277 2171 352 2214 mox
366 2150 441 2213 feris
455 2150 607 2232 objectus,
621 2151 776 2234 quianon
801 2153 987 2233 laniabatur,
1002 2163 1065 2219 sm

58 2232 149 2301 lidum
175 2239 296 2323 vulgus
325 2236 545 2300 inviolabilem
573 2235 731 2319 credebat,
760 2237 872 2319 donec,
901 2247 1064 2323 spectante

58 2318 183 2402 Vitellio,
199 2319 385 2387 interfectus
398 2331 454 2385 est.

92 2407 194 2472 LXII.
218 2407 287 2471 Nec
309 2407 394 2470 ultra
414 2407 449 2472 in
472 2405 656 2487 defectuum,
682 2416 738 2470 aut
751 2408 836 2473 bona
859 2408 1062 2492 cujusquam,

56 2494 211 2558 auritum:
233 2502 303 2555 rata
317 2490 407 2556 fuere
426 2511 547 2572 eorum,
562 2493 620 2574 qui
644 2493 712 2558 acie
737 2494 922 2558 Othoniani
942 2493 1063 2559 cecide·
1167 2558 1169 2583 ,

57 2589 126 2656 rant,
140 2588 335 2657 testamenta,
351 2587 406 2641 aut
427 2579 481 2642 lex
506 2577 682 2641 intestatis:
705 2599 843 2662 prorsus,
869 2580 897 2644 si
923 2579 1062 2644 luxuriae

56 2672 238 2746 temperaret,
254 2663 422 2727 avaritiam
443 2682 510 2728 non
533 2664 669 2727 timeres.
714 2664 897 2747 Epularum
921 2665 1006 2730 soeda
1030 2675 1071 2729 et·

57 2745 246 2832 inexplebilis
259 2748 379 2813 libido:
401 2768 443 2813 ex
458 2750 537 2813 urbe
552 2760 648 2830 atque
663 2749 757 2814 ltalia
770 2751 966 2816 irritamenta
975 2753 1061 2836 gulae

56 2837 256 2916 gestabantur,
271 2834 482 2918 strepentibus
497 2835 537 2897 ab
551 2844 687 2918 utroque
702 2836 782 2898 mari
798 2835 985 2901 itineribus:
1006 2858 1064 2901 ex·

57 2918 150 2983 hausti
165 2918 390 2985 conviviorum
403 2920 605 3003 apparatibus
616 2920 774 3004 principes
786 2921 972 2986 civitatum:
991 2941 1063 2985 vas·

57 3005 191 3070 labantur
206 3007 282 3088 ipsae
302 3004 467 3070 civitates:
488 3005 699 3090 degenerabat
721 3029 741 3070 a
761 3007 868 3070 labore
891 3028 928 3071 ac
944 3007 1062 3073 virtute

58 3091 146 3170 miles,
161 3091 365 3155 assuetudine
379 3092 583 3173 voluptatum
596 3102 628 3153 et
643 3102 805 3155 contemtu
821 3092 934 3170 Ducis.
978 3093 1061 3158 Prae·

57 3175 132 3239 misit
145 3177 177 3241 in
189 3179 301 3241 urbem
313 3176 537 3260 edictum,quo
551 3177 744 3240 vocabulum
755 3179 902 3263 Augusti
913 3177 1061 3260 differret,

61 3259 195 3327 Caesaris
209 3283 276 3327 uon
291 3262 454 3344 reciperet,
470 3268 542 3325 cum
555 3261 595 3326 de
610 3273 762 3345 potestate
778 3265 858 3328 nihil
874 3264 1060 3329 detraheret.

59 3343 136 3410 Pulsi
152 3349 244 3413 ltalia
269 3347 495 3410 mathematici.
541 3348 682 3412 Ceratum
706 3356 824 3430 severe,
841 3357 901 3413 ‘ne
925 3349 1062 3433 Equites

58 3427 181 3497 Romani
196 3433 275 3498 ludo
286 3443 318 3496 et
328 3432 425 3495 arena
437 3433 675 3515 polluerentur.²
717 3434 842 3498 Priores
853 3434 887 3498 id
897 3435 1061 3519 Principes
1168 3504 1169 3511 ,

59 3520 181 3594 nauata
193 3529 226 3583 et
241 3516 404 3601 saepius'vl
419 3518 643 3600 perpulerant:
666 3539 703 3583 ae
719 3521 869 3604 pleraque
884 3520 1061 3600 municipia

60 3606 224 3668 etooloniae
251 3604 493 3682 aemulabantur,
515 3604 793 3688 corruptissimum
812 3622 972 3687 quemque
985 3603 1060 3665 ado

60 3683 235 3755 lescentium
248 3691 351 3774 pretio
364 3688 493 3754 illicere.

592 3890 594 3894 ’
639 3890 657 3921 Q
