2392 4050
61 235 95 299 t.
109 234 142 300 Ο.
156 233 220 323 69.]
329 234 480 300 Hrsnort.
495 232 574 299 Lm.
589 233 774 305 Quassus.
999 219 1063 304 ltt'

58 406 196 471 batorum
217 416 370 489 expertes,
393 426 483 472 arma
497 419 610 472 contra
631 426 819 472 communes
839 407 987 473 domiuos
1011 430 1061 475 ee

56 491 145 574 pisse:
167 492 270 574 primi
294 495 362 557 acie
385 492 495 557 fusum
519 494 706 577 victumque
731 494 934 560 Romanum:
956 496 1061 579 quidl

57 576 81 640 si
95 576 205 642 Gelliae
227 578 347 665 jugum
370 577 515 645 exuant?
537 580 744 662 quantumin
760 579 854 643 ltalia
876 581 1061 663 reliquum?

56 663 286 744 provinciarum
313 683 371 728 san
419 666 472 728 ine
500 665 684 748 provincias
712 666 820 731 vinei:
849 684 892 730 ne
916 666 1062 732 Vindicis

55 747 147 813 aciem
160 751 354 835 cogitarent:
425 760 500 813 taso
514 750 621 834 equite
637 749 785 836 protritos
799 750 925 815 AEduos
946 753 1062 819 Arver-

54 852 182 919 nosque;
208 835 309 899 fuisse
337 833 420 899 inter
443 835 587 921 Verginii
617 836 741 900 auxilia
765 837 900 921 Belgas:
921 845 1062 922 ‚vereque

55 921 273 1002 reputantibus,
289 921 432 985 Galliam
446 922 579 985 suismet
592 922 716 985 viribus
735 923 921 987 concidisse.
958 923 1064 1002 ‚Nunc

53 1005 170 1070 eusdem
183 1007 331 1070 omnium
345 1018 459 1089 partes,
471 1007 587 1086 addito,
599 1006 627 1070 si
637 1007 716 1090 quid
726 1007 872 1072 militaris
883 1008 1062 1093 discipline

54 1087 216 1156 incastris
239 1091 461 1155 Romanorum
485 1092 643 1178 viguerit:
664 1112 733 1156 esse
761 1114 873 1158 secum
894 1105 1062 1160 veteranas

55 1176 199 1259 cohortes,
224 1177 344 1259 quibus
366 1196 469 1261 nuper
494 1178 632 1242 Othonis
658 1178 801 1262 legiones
822 1181 1062 1264 procubuerint.

52 1260 206 1328 servirent
221 1262 318 1345 Syrie
328 1262 469 1345 Asiaque
478 1273 510 1326 et
520 1274 631 1328 suetus
642 1263 785 1351 Regibus
795 1266 928 1331 Oriens:
943 1267 1063 1332 multas

51 1346 147 1413 adbuc
158 1350 196 1412 iu
208 1348 315 1412 Gellii
327 1349 445 1427 vivere,
457 1350 656 1413 autetributa
707 1349 800 1413 nitos.
843 1350 956 1434 Nuper
966 1354 1062 1433 certi,

52 1452 126 1497 ceso
155 1433 323 1505 Quintilio
346 1433 440 1513 Varo,
467 1437 637 1520 pulsatus
693 1435 838 1500 ermantt
865 1437 1061 1504 servitutem.

54 1517 114 1582 Nec
127 1518 298 1584 Vitellium
312 1518 502 1602 Principem,
516 1519 573 1583 sed
595 1521 755 1586 Censorem
770 1523 955 1606 Augustum
977 1524 1063 1589 bello

53 1613 264 1684 provocatum.
305 1604 500 1669 Libertatem
509 1606 634 1685 naturis,
643 1606 741 1671 etiam
750 1607 848 1671 mutis
859 1608 1063 1689 animalibus,

53 1688 160 1756 datum
212 1690 372 1754 Virtutem
407 1692 570 1774 proprium
597 1691 770 1756 hominum
796 1693 928 1757 bonum.
978 1694 1064 1759 Deos

51 1772 224 1841 fortioribus
247 1773 366 1840 adesse.
410 1776 548 1841 Proinde
571 1778 747 1859 arriperent
770 1777 867 1843 vacui
881 1790 1063 1859 occupatos,

51 1859 159 1947 integri
174 1861 295 1926 fessos:
317 1859 397 1926 dnm
417 1862 474 1925 alii
488 1862 733 1943 Vespasianum,
753 1860 810 1925 alii
831 1863 1006 1945 Vitellium,
1020 1863 1066 1928 fo-

54 1956 150 2028 veant,
164 1955 274 2031 patere
289 1947 398 2011 locum
412 1947 563 2010 adversus
577 1948 770 2031 utrumque)

91 2034 215 2098 XVIII.
238 2033 294 2098 Sit
309 2033 343 2098 in
358 2034 480 2098 Galilas
495 2034 750 2116 Germaniasque
765 2034 915 2115 intentus,
930 2032 958 2096 si
972 2035 1067 2100 desti·

51 2130 119 2183 nata
132 2118 363 2204 provenissent,
375 2119 648 2183 validissimarum
659 2119 953 2203 ditissimarumque
967 2122 1066 2187 natio

52 2221 127 2269 num
140 2223 241 2291 regno
256 2202 452 2268 imminebat.
496 2207 540 2269 At
554 2206 695 2270 Flaccus
718 2205 923 2271 Hordeonius
944 2207 1065 2290 primos

57 2289 165 2355 Civilis
180 2301 315 2355 conatus
330 2309 386 2372 per
400 2289 691 2354 dIssimuletionem
705 2292 793 2355 aluit.
839 2291 902 2355 Ubi
926 2299 1067 2379 ‘expug-

53 2385 249 2456 uatacastra,
264 2373 385 2439 deletas
409 2376 564 2455 cohortes,
580 2377 712 2458 pulsum
736 2378 933 2440 Batavorum
958 2379 1067 2442 insulis

55 2458 235 2525 Romanum
255 2462 393 2541 uomen,’
407 2461 521 2543 trepidi
543 2461 651 2525 nuntii
675 2461 855 2543 afferebant,
871 2462 1069 2528 Mummium

29 2604 30 2609 ,
54 2544 244 2629 Lupercum,
260 2545 307 2610 Le
350 2556 429 2625 tum,
444 2548 485 2693 ii?
498 2546 638 2610 duarum
648 2547 815 2631 legionum
828 2548 979 2630 hybernis
988 2568 1069 2632 prae·

55 2633 131 2721 erat)
147 2630 305 2719 ‘egredia
328 2632 438 2696 versirs
476 2634 585 2696 ostem'
596 2631 695 2711 jubet.
739 2632 907 2715 Lupercus
928 2634 1069 2721 legiona-

56 2718 116 2781 rios
128 2739 147 2782 e
157 2717 374 2801 praesentibus,
387 2716 487 2782 Ubios
500 2736 518 2780 e
530 2717 693 2800 proximis,
706 2716 926 2782 Treverorum
936 2720 1067 2804 equites,

57 2801 141 2868 haud
157 2802 253 2900 longe
269 2815 408 2888 agentes,
423 2802 540 2886 raptim
559 2803 744 2886 transmisit,
759 2803 866 2869 additia
876 2805 1073 2870 Batavomm

57 2889 113 2969 alit,
127 2909 197 2973 quse
208 2908 278 2969 Jam
296 2886 422 2970 pridem
442 2898 601 2970 corrupta,
616 2887 713 2953 fidem
736 2890 917 2970 simulabat,
932 2901 977 2969 nt,
1000 2910 1070 2973 pro

57 2973 127 3037 ditis
141 2974 174 3038 in
189 2974 259 3058 ipat
270 2973 339 3037 acie
351 2973 514 3052 Romanis,
526 2973 644 3054 majore
653 2973 755 3056 pretio
767 2974 901 3059 fugeret.
945 2976 1069 3055 Civilis,

57 3069 217 3142 captamm
246 3059 426 3124 cohortium
454 3058 554 3145 siguis
578 3057 806 3137 circumdatus,
832 3070 869 3122 nt
890 3078 951 3122 suo
977 3060 1093 3125 militi*

58 3161 165 3209 recens
179 3146 283 3233 gloria
296 3155 370 3209 ante
385 3144 504 3225 oculos,
520 3154 551 3206 et
566 3143 673 3206 hostes
688 3143 841 3208 memorii
856 3144 956 3208 eladis
978 3155 1072 3211 terrc-

57 3241 172 3312 rentur,
188 3242 324 3295 matrem
338 3250 432 3294 suam
446 3248 641 3312 sororesque,
653 3228 750 3292 simul
762 3229 908 3294 omnium
916 3230 1070 3321 conjuges

59 3333 232 3399 parvosque
255 3315 381 3395 liberos,
395 3315 568 3381 consistere
590 3335 610 3377 a
635 3327 723 3401 tergo
743 3313 850 3396 jubet:
873 3317 1072 3384 hortamenta

60 3399 207 3483 victoriae,
223 3403 275 3469 vel
291 3403 393 3485 pulsIs
408 3400 572 3485 pudorem.
617 3400 661 3464 Ut
675 3401 819 3465 virorum
838 3411 945 3484 cantu,
971 3404 1073 3470 stemi-

60 3501 172 3551 uarum
184 3488 326 3568 ululatu,
339 3487 449 3550 sonuit
463 3487 555 3565 acies,
570 3485 776 3569 nequiquam
786 3507 843 3571 par
858 3509 877 3551 a
893 3489 1073 3585 legionibus

60 3570 300 3656 cohortibusque
323 3572 476 3637 'redditur
505 3573 635 3636 clamor.
689 3573 875 3637 Nudaverat
906 3574 1073 3638 srnistrum

64 3672 158 3721 cornu
169 3659 365 3723 Batavorum
376 3656 663 3742 elatranssugiens,
675 3659 845 3738 statimque
854 3657 887 3719 in
898 3676 956 3718 nos
964 3675 1071 3717 versa:

62 3740 116 3804 sed
128 3743 321 3831 legionarius
336 3742 437 3823 mites,
454 3761 641 3888 quaquam
654 3742 747 3805 rebus
762 3740 902 3821 trepidis,
917 3754 1005 3797 arma
1027 3755 1074 3797 or·
