2392 4050
140 228 204 295 166
494 228 531 293 C.
547 229 658 294 Gonu.
674 229 812 296 Tacrrr
957 226 1007 315 [ab
1022 224 1127 291 Usus.

137 400 202 467 tica
216 419 355 466 annonae
379 420 467 480 eure,
491 401 642 467 elausutm
666 401 766 482 littus,
791 400 925 465 retineri
946 409 1127 477 commeatus,

137 486 218 552 dum
240 490 338 568 timet,
356 486 521 569 eredebat3
544 489 739 573 augentibus
754 488 874 551 famam
887 487 1072 565 Vitellianis,
1088 483 1129 565 qui

137 572 283 638 studium
298 573 438 657 partium
461 573 610 637 nondum
623 583 815 656 posueraut;
838 593 880 637 ne
895 572 1067 636 victoribus
1077 570 1130 654 qui·

135 658 211 724 dem
224 659 351 747 ingrato
361 677 496 738 rumore,
511 678 651 741 quorum
662 658 861 741 cupiditates,
876 658 1018 722 extemis
1027 675 1130 740 quoque

136 745 233 810 bellis
247 745 466 828 inexplebiles,
481 745 574 809 nulla
588 763 735 826 unquam
748 743 853 808 civilis
868 744 1006 807 victoria
1019 742 1131 806 satiarit.
1169 777 1174 816 1

180 830 346 897 XXXIX.
369 827 526 894 Kalendis
540 830 713 909 ianuariis,
734 829 770 894 in
785 830 918 909 Senatu,
933 849 1033 911 quem
1046 827 1131 892 Julius
1166 817 1174 912 l

137 914 326 997 Frontinus,
351 916 473 981 Praetor
485 917 639 995 urbanus,
661 923 839 995 vocaverat,
865 915 999 1001 Legatis
1012 912 1132 977 exerciti·
1166 917 1173 998 ,²

136 1000 262 1083 busque
276 1020 314 1064 ac
329 1000 482 1086 Regibus,
499 1008 507 1040 ‘
515 1000 628 1064 laudes
638 1002 814 1088 gratesque’
828 1001 981 1065 decretae:
996 1012 1028 1064 et
1041 997 1130 1063 Tertio

136 1086 270 1151 Juliano
299 1087 455 1165 Praetura,
482 1091 656 1168 ‘tanquam
681 1086 969 1170 transgredientem
993 1087 1027 1149 in
1049 1096 1130 1168 partes

136 1172 326 1254 Vespasiani
348 1172 508 1258 legionem
527 1172 737 1252 deseruisset,'
759 1172 872 1251 ablata,
894 1181 933 1233 ut
951 1171 988 1234 in
1012 1170 1132 1234 Plotium

136 1257 301 1342 Griphum
314 1256 548 1321 transferretur.
592 1258 715 1323 Hormo
729 1257 868 1344 dignitas
883 1257 1055 1338 Equestris
1067 1255 1130 1317 data

135 1343 182 1407 Et
195 1363 281 1423 mox,
312 1342 456 1425 ejurante
479 1343 650 1423 Frontino,
673 1344 781 1406 Caesar
802 1342 1014 1405 Domitianus
1034 1342 1133 1405 Pratu-

135 1447 206 1492 ram
219 1431 311 1513 cepit.
355 1427 439 1511 Ejus
457 1447 574 1491 nomen
595 1430 737 1511 epistolis
755 1428 929 1510 edictisque
950 1427 1134 1510 praeponeba-

135 1524 197 1594 tur,
211 1513 262 1577 uis
276 1532 373 1597 penes
389 1513 580 1577 Mucianum
592 1527 679 1578 erut:
702 1514 764 1578 nisi
774 1513 859 1597 qubd
874 1515 1030 1596 pleraque
1045 1511 1134 1576 Domi-

135 1598 253 1682 tianus,
265 1598 492 1685 instigantibus
504 1599 624 1679 amicis,
640 1610 696 1663 aut
709 1599 835 1682 propria
847 1598 992 1680 libidine,
1008 1598 1133 1662 audebat

133 1686 200 1751 Sed
214 1685 397 1770 praecipuus
408 1684 560 1749 Muciano
573 1695 677 1749 metus
690 1706 708 1748 e
723 1685 832 1748 Primo
845 1685 989 1748 Antonio
1005 1686 1133 1763 Varoque

134 1773 230 1837 Arrio
243 1794 251 1855 3
273 1790 354 1855 quos
369 1780 523 1840 recentes,
545 1772 711 1853 clarosque
731 1789 838 1834 renum
856 1770 943 1833 fama
957 1790 998 1833 ae
1013 1768 1133 1832 militurn

134 1858 259 1939 studiis,
282 1858 380 1921 etiam
402 1858 542 1940 populus
564 1856 700 1934 fovebat,
722 1855 800 1938 quia
822 1854 855 1918 in
880 1855 1047 1919 neminem
1066 1855 1133 1916 ultra
1164 1919 1169 1948 Ι

133 1945 237 2009 aciem
250 1943 428 2007 saevierant.
473 1942 517 2006 Et
538 1940 699 2005 serebatur
720 1941 880 2004 Antonius
900 1940 1134 2004 Scribonianum

135 2030 298 2109 Crassum,
320 2028 455 2115 egregiis
471 2027 645 2176 mappibus
659 2038 690 2090 et
705 2026 844 2090 fraterni
865 2026 1008 2111 imagine
1028 2027 1133 2109 fulgen·

133 2124 208 2195 tem,
224 2113 266 2178 ad
279 2112 506 2196 capessendam
565 2112 762 2195 mpublieam
776 2112 938 2175 hortatus:
961 2112 1054 2176 haud
1063 2111 1098 2175 de
1108 2127 1134 2170 u·
1164 2108 1169 2127 ¹

133 2200 206 2264 tura
221 2198 426 2263 consciorum
440 2218 549 2278 manu,
564 2199 597 2261 ni
614 2198 843 2263 Scribonianus
857 2196 1033 2276 abnuisset,
1048 2217 1086 2260 ne
1095 2214 1134 2277 pt·
1159 2172 1170 2251 l

133 2285 210 2350 ratis
225 2283 355 2367 quidem
367 2284 528 2366 corrumpi
540 2283 653 2364 facilis,
665 2284 745 2348 aded
756 2294 901 2347 metuens
914 2283 1048 2347 incerta.
1088 2279 1136 2364 lgi-

132 2381 186 2435 tur
201 2370 384 2450 Mucianus,
398 2370 476 2452 quia
486 2370 651 2453 propalam
666 2369 803 2452 opprimi
814 2367 976 2433 Antonius
988 2366 1133 2450 nequibat,

132 2456 245 2521 multis
260 2456 294 2519 in
309 2456 430 2520 Senatu
453 2455 603 2519 laudibus
625 2457 828 2519 cumulatum
841 2454 972 2522 secretis
987 2450 1134 2536 promissis

132 2551 252 2622 onerat,
276 2541 471 2604 ‘citeriorem
487 2538 687 2624 Hispaniam'
700 2550 870 2617 ostentans,
893 2539 1057 2602 ‘discessu
1073 2537 1135 2613 Clu·

132 2628 179 2692 vii
194 2627 271 2691 Rufi
283 2628 450 2709 uacuam3'
472 2628 570 2690 simul
586 2625 698 2689 amicis
712 2625 783 2706 ejus
799 2625 1003 2688 Tribunatus
1018 2621 1134 2689 Praefec-

132 2724 283 2795 tutasque
299 2713 441 2798 largitur.
485 2712 580 2791 Dein,
606 2723 775 2793 postquam
789 2710 920 2773 inanem
935 2710 1080 2773 animum
1092 2723 1134 2790 spe

131 2809 164 2862 et
179 2797 329 2882 cupidine
344 2797 540 2879 impleverat,
564 2797 649 2860 vires
663 2798 785 2861 abolet:
808 2795 940 2858 dimissa
955 2794 991 2858 in
1005 2795 1134 2878 hyberna

131 2885 258 2972 legione
267 2882 407 2967 septimi,
423 2883 517 2964 cujus
528 2882 795 2968 flagrantissimus
809 2881 841 2943 iu
856 2881 1038 2945 Antonium
1048 2894 1133 2943 amor.

132 2971 178 3036 Et
193 2971 284 3034 tertia
298 2969 391 3056 legio,
406 2968 572 3032 familiaris
587 2968 682 3032 Arrio
696 2969 781 3032 Varo
796 2967 896 3045 miles,
912 2966 946 3028 in
962 2966 1133 3050 Syriamre·

131 3058 238 3123 missa.
263 3056 360 3121 'Pars
389 3055 544 3119 exercitius
572 3054 607 3117 in
644 3053 835 3117 Germanias
864 3051 1050 3116 ducebatur.
1092 3046 1134 3112 Sic

131 3153 247 3231 egesto,
262 3141 415 3225 quicquid
430 3140 604 3220 turbidum,
625 3139 706 3203 redit
720 3139 792 3202 urbi
808 3157 866 3200 sua
880 3137 985 3200 forma
999 3138 1133 3222 legesque

130 3239 162 3293 et
176 3227 289 3292 munia
304 3228 560 3311 Magistratuum.

175 3313 248 3377 XL.
271 3312 350 3382 Quo
364 3312 416 3375 die
431 3313 587 3375 Senatum
602 3311 765 3392 ingressus
780 3317 829 3370 est
843 3306 1060 3388 Domitianum,
1086 3303 1131 3367 ‘de

131 3396 274 3462 absentia
287 3397 385 3479 patris
399 3396 567 3477 fratrisque
582 3415 619 3458 ac
631 3395 766 3476 juventi
780 3396 847 3458 sui'
861 3412 966 3477 pauca
978 3404 1009 3458 et
1022 3391 1134 3457 modica

129 3481 287 3561 disseruit,
301 3480 435 3543 decorus
450 3480 580 3544 habitu:
604 3491 643 3560 et,
664 3481 781 3563 ignotis
796 3479 902 3543 adhuc
917 3481 1065 3557 moribus,
1079 3495 1131 3539 cre

129 3568 188 3630 bra
201 3564 265 3626 oris
287 3562 432 3627 confiasio
456 3584 512 3647 pro
535 3564 690 3628 modestia
712 3566 935 3650 accipiebatur.
978 3563 1129 3627 Referente

128 3651 263 3726 Caesare,
280 3646 336 3710 ‘de
351 3647 555 3711 restituendis
580 3650 693 3713 Galbae
711 3649 904 3729 honoribus:
919 3649 1042 3714 censuit
1063 3648 1128 3710 Gur·

128 3735 193 3796 tius
207 3732 390 3811 Montanus,
408 3738 460 3794 ‘ut
473 3732 598 3795 Pisonis
609 3753 737 3819 quoque
749 3736 904 3800 memoria
914 3727 1126 3800 celebraretur.¹
