<?xml version="1.0" encoding="UTF-8"?>
<!DOCTYPE html PUBLIC "-//W3C//DTD XHTML 1.0 Transitional//EN"
    "http://www.w3.org/TR/xhtml1/DTD/xhtml1-transitional.dtd">
<html xmlns="http://www.w3.org/1999/xhtml" xml:lang="en" lang="en">
 <head>
  <title>
</title>
<meta http-equiv="Content-Type" content="text/html;charset=utf-8" />
  <meta name='ocr-system' content='tesseract 3.04.00' />
  <meta name='ocr-capabilities' content='ocr_page ocr_carea ocr_par ocr_line ocrx_word'/>
</head>
<body>
  <div class='ocr_page' id='page_1' title='image "./ccorneliitaciti37tacigoog_0571.png"; bbox 0 0 2392 4050; ppageno 0'>
   <div class='ocr_carea' id='block_1_1' title="bbox 88 233 687 304">
    <p class='ocr_par' dir='ltr' id='par_1_1' title="bbox 88 233 687 304">
     <span class='ocr_line' id='line_1_1' title="bbox 88 233 687 304; baseline -0.012 0"><span class='ocrx_word' id='word_1_1' title='bbox 88 236 156 304; x_wconf 72' lang='lat'><strong>282</strong></span> <span class='ocrx_word' id='word_1_2' title='bbox 504 233 687 299; x_wconf 80' lang='lat' dir='ltr'><strong>Baornarr</strong></span> 
     </span>
    </p>
   </div>
   <div class='ocr_carea' id='block_1_2' title="bbox 17 402 1194 3797">
    <p class='ocr_par' dir='ltr' id='par_1_2' title="bbox 88 402 1128 831">
     <span class='ocr_line' id='line_1_2' title="bbox 88 402 1121 488; baseline -0.007 -11"><span class='ocrx_word' id='word_1_3' title='bbox 88 407 314 478; x_wconf 85' lang='lat' dir='ltr'><strong>Nouodecirno</strong></span> <span class='ocrx_word' id='word_1_4' title='bbox 328 404 429 472; x_wconf 80' lang='lat' dir='ltr'><strong>aetatis</strong></span> <span class='ocrx_word' id='word_1_5' title='bbox 443 423 530 469; x_wconf 88' lang='lat' dir='ltr'><strong>anno</strong></span> <span class='ocrx_word' id='word_1_6' title='bbox 543 405 583 470; x_wconf 90' lang='lat' dir='ltr'><strong>L.</strong></span> <span class='ocrx_word' id='word_1_7' title='bbox 596 406 733 469; x_wconf 83' lang='lat' dir='ltr'><strong>Crassus</strong></span> <span class='ocrx_word' id='word_1_8' title='bbox 745 403 782 468; x_wconf 80' lang='lat' dir='ltr'><strong>O.</strong></span> <span class='ocrx_word' id='word_1_9' title='bbox 795 402 991 488; x_wconf 75' lang='lat' dir='ltr'><strong>Carbonem,</strong></span> <span class='ocrx_word' id='word_1_10' title='bbox 1004 424 1076 470; x_wconf 89' lang='lat' dir='ltr'><strong>uno</strong></span> <span class='ocrx_word' id='word_1_11' title='bbox 1090 413 1121 469; x_wconf 84' lang='lat' dir='ltr'><strong>et</strong></span> 
     </span>
     <span class='ocr_line' id='line_1_3' title="bbox 90 490 1128 572; baseline -0.008 -13"><span class='ocrx_word' id='word_1_12' title='bbox 90 495 247 559; x_wconf 66' lang='lat' dir='ltr'><strong>noesimo</strong></span> <span class='ocrx_word' id='word_1_13' title='bbox 270 493 379 556; x_wconf 71' lang='lat' dir='ltr'><strong>uasat</strong></span> <span class='ocrx_word' id='word_1_14' title='bbox 403 491 618 570; x_wconf 78' lang='lat' dir='ltr'><strong>Dolabellam,</strong></span> <span class='ocrx_word' id='word_1_15' title='bbox 639 490 740 553; x_wconf 87' lang='lat' dir='ltr'><strong>altero</strong></span> <span class='ocrx_word' id='word_1_16' title='bbox 760 499 792 551; x_wconf 89' lang='lat' dir='ltr'><strong>et</strong></span> <span class='ocrx_word' id='word_1_17' title='bbox 807 490 964 553; x_wconf 86' lang='lat' dir='ltr'><strong>vicesimo</strong></span> <span class='ocrx_word' id='word_1_18' title='bbox 989 491 1128 572; x_wconf 25' lang='lat' dir='ltr'><strong>Asinius·</strong></span> 
     </span>
     <span class='ocr_line' id='line_1_4' title="bbox 91 575 1122 654; baseline -0.008 -10"><span class='ocrx_word' id='word_1_19' title='bbox 91 580 199 644; x_wconf 90' lang='lat' dir='ltr'><strong>Pollio</strong></span> <span class='ocrx_word' id='word_1_20' title='bbox 224 579 262 641; x_wconf 82' lang='lat' dir='ltr'><strong>G.</strong></span> <span class='ocrx_word' id='word_1_21' title='bbox 277 578 444 654; x_wconf 79' lang='lat' dir='ltr'><strong>Catonem,</strong></span> <span class='ocrx_word' id='word_1_22' title='bbox 467 594 534 639; x_wconf 90' lang='lat' dir='ltr'><strong>non</strong></span> <span class='ocrx_word' id='word_1_23' title='bbox 554 575 766 639; x_wconf 84' lang='lat' dir='ltr'><strong>multbetate</strong></span> <span class='ocrx_word' id='word_1_24' title='bbox 788 575 984 640; x_wconf 85' lang='lat' dir='ltr'><strong>antecedens</strong></span> <span class='ocrx_word' id='word_1_25' title='bbox 999 577 1122 639; x_wconf 82' lang='lat' dir='ltr'><strong>Calvus</strong></span> 
     </span>
     <span class='ocr_line' id='line_1_5' title="bbox 91 658 1121 746; baseline -0.004 -18"><span class='ocrx_word' id='word_1_26' title='bbox 91 662 262 728; x_wconf 78' lang='lat' dir='ltr'><strong>Vatinium</strong></span> <span class='ocrx_word' id='word_1_27' title='bbox 288 661 329 724; x_wconf 87' lang='lat' dir='ltr'><strong>iis</strong></span> <span class='ocrx_word' id='word_1_28' title='bbox 349 660 549 724; x_wconf 87' lang='lat' dir='ltr'><strong>orationibus</strong></span> <span class='ocrx_word' id='word_1_29' title='bbox 572 658 711 724; x_wconf 88' lang='lat' dir='ltr'><strong>insecuti</strong></span> <span class='ocrx_word' id='word_1_30' title='bbox 735 669 823 739; x_wconf 85' lang='lat' dir='ltr'><strong>sunt,</strong></span> <span class='ocrx_word' id='word_1_31' title='bbox 847 680 930 744; x_wconf 89' lang='lat' dir='ltr'><strong>quas</strong></span> <span class='ocrx_word' id='word_1_32' title='bbox 958 661 1121 746; x_wconf 75' lang='lat' dir='ltr'><strong>hodieque</strong></span> 
     </span>
     <span class='ocr_line' id='line_1_6' title="bbox 93 743 560 831; baseline -0.011 -18"><span class='ocrx_word' id='word_1_33' title='bbox 93 766 172 813; x_wconf 85' lang='lat' dir='ltr'><strong>cum</strong></span> <span class='ocrx_word' id='word_1_34' title='bbox 186 743 398 810; x_wconf 75' lang='lat' dir='ltr'><strong>admiratione</strong></span> <span class='ocrx_word' id='word_1_35' title='bbox 413 744 560 831; x_wconf 87' lang='lat' dir='ltr'><strong>legimns.</strong></span> 
     </span>
    </p>

    <p class='ocr_par' dir='ltr' id='par_1_3' title="bbox 17 828 1194 3797">
     <span class='ocr_line' id='line_1_7' title="bbox 139 828 1123 899; baseline -0.008 0"><span class='ocrx_word' id='word_1_36' title='bbox 139 829 285 899; x_wconf 84' lang='lat' dir='ltr'>XXXV.</span> <span class='ocrx_word' id='word_1_37' title='bbox 307 832 350 893; x_wconf 87' lang='lat' dir='ltr'><strong>At</strong></span> <span class='ocrx_word' id='word_1_38' title='bbox 365 847 455 892; x_wconf 90' lang='lat' dir='ltr'><strong>nnnc</strong></span> <span class='ocrx_word' id='word_1_39' title='bbox 479 828 714 892; x_wconf 77' lang='lat' dir='ltr'><strong>adolescentuli</strong></span> <span class='ocrx_word' id='word_1_40' title='bbox 736 828 839 892; x_wconf 78' lang='lat' dir='ltr'><strong>nostri</strong></span> <span class='ocrx_word' id='word_1_41' title='bbox 861 828 1074 893; x_wconf 85' lang='lat' dir='ltr'><strong>deducuntur</strong></span> <span class='ocrx_word' id='word_1_42' title='bbox 1089 828 1123 891; x_wconf 89' lang='lat' dir='ltr'><strong>in</strong></span> 
     </span>
     <span class='ocr_line' id='line_1_8' title="bbox 94 912 1123 997; baseline -0.006 -15"><span class='ocrx_word' id='word_1_43' title='bbox 94 935 208 983; x_wconf 85' lang='lat' dir='ltr'><strong>scenas</strong></span> <span class='ocrx_word' id='word_1_44' title='bbox 222 914 501 991; x_wconf 88' lang='lat' dir='ltr'><strong>scholasticorum,</strong></span> <span class='ocrx_word' id='word_1_45' title='bbox 516 913 573 996; x_wconf 91' lang='lat' dir='ltr'><strong>qni</strong></span> <span class='ocrx_word' id='word_1_46' title='bbox 583 914 729 978; x_wconf 72' lang='lat' dir='ltr'><strong>rhetores</strong></span> <span class='ocrx_word' id='word_1_47' title='bbox 737 924 916 978; x_wconf 82' lang='lat' dir='ltr'><strong>vocantur:</strong></span> <span class='ocrx_word' id='word_1_48' title='bbox 931 935 1014 997; x_wconf 89' lang='lat' dir='ltr'><strong>quos</strong></span> <span class='ocrx_word' id='word_1_49' title='bbox 1024 912 1123 997; x_wconf 84' lang='lat' dir='ltr'><strong>psulb</strong></span> 
     </span>
     <span class='ocr_line' id='line_1_9' title="bbox 94 997 1124 1080; baseline -0.006 -14"><span class='ocrx_word' id='word_1_50' title='bbox 94 1010 169 1067; x_wconf 88' lang='lat' dir='ltr'><strong>ante</strong></span> <span class='ocrx_word' id='word_1_51' title='bbox 184 997 351 1064; x_wconf 81' lang='lat' dir='ltr'><strong>Ciceronis</strong></span> <span class='ocrx_word' id='word_1_52' title='bbox 365 1008 508 1079; x_wconf 86' lang='lat' dir='ltr'><strong>tempora</strong></span> <span class='ocrx_word' id='word_1_53' title='bbox 530 1000 682 1079; x_wconf 74' lang='lat' dir='ltr'><strong>extitisse,</strong></span> <span class='ocrx_word' id='word_1_54' title='bbox 697 1016 758 1061; x_wconf 88' lang='lat' dir='ltr'><strong>nee</strong></span> <span class='ocrx_word' id='word_1_55' title='bbox 772 999 934 1080; x_wconf 86' lang='lat' dir='ltr'><strong>placuisse</strong></span> <span class='ocrx_word' id='word_1_56' title='bbox 948 998 1124 1079; x_wconf 84' lang='lat' dir='ltr'><strong>majoribus</strong></span> 
     </span>
     <span class='ocr_line' id='line_1_10' title="bbox 17 1081 1123 1166; baseline -0.005 -16"><span class='ocrx_word' id='word_1_57' title='bbox 17 1139 31 1164; x_wconf 82' lang='grc'><em>,</em></span> <span class='ocrx_word' id='word_1_58' title='bbox 94 1085 221 1163; x_wconf 87' lang='lat' dir='ltr'><strong>nostris,</strong></span> <span class='ocrx_word' id='word_1_59' title='bbox 236 1102 279 1146; x_wconf 81' lang='lat' dir='ltr'><strong>ex</strong></span> <span class='ocrx_word' id='word_1_60' title='bbox 292 1100 332 1145; x_wconf 90' lang='lat' dir='ltr'><strong>eo</strong></span> <span class='ocrx_word' id='word_1_61' title='bbox 345 1082 554 1147; x_wconf 83' lang='lat' dir='ltr'><strong>manifestum</strong></span> <span class='ocrx_word' id='word_1_62' title='bbox 567 1093 626 1162; x_wconf 86' lang='lat' dir='ltr'><strong>est,</strong></span> <span class='ocrx_word' id='word_1_63' title='bbox 641 1081 727 1166; x_wconf 87' lang='lat' dir='ltr'><strong>qubd</strong></span> <span class='ocrx_word' id='word_1_64' title='bbox 744 1083 783 1145; x_wconf 87' lang='lat' dir='ltr'><strong>L.</strong></span> <span class='ocrx_word' id='word_1_65' title='bbox 798 1086 917 1145; x_wconf 77' lang='lat' dir='ltr'><strong>crasso</strong></span> <span class='ocrx_word' id='word_1_66' title='bbox 931 1095 963 1147; x_wconf 92' lang='lat' dir='ltr'><strong>et</strong></span> <span class='ocrx_word' id='word_1_67' title='bbox 978 1081 1123 1146; x_wconf 87' lang='lat' dir='ltr'><strong>Domitio</strong></span> 
     </span>
     <span class='ocr_line' id='line_1_11' title="bbox 95 1166 1123 1252; baseline -0.005 -19"><span class='ocrx_word' id='word_1_68' title='bbox 95 1168 304 1247; x_wconf 84' lang='lat' dir='ltr'><strong>Censoribus,</strong></span> <span class='ocrx_word' id='word_1_69' title='bbox 322 1166 481 1231; x_wconf 81' lang='lat' dir='ltr'><strong>‘cludere’</strong></span> <span class='ocrx_word' id='word_1_70' title='bbox 502 1179 539 1231; x_wconf 90' lang='lat' dir='ltr'><strong>ut</strong></span> <span class='ocrx_word' id='word_1_71' title='bbox 554 1169 599 1230; x_wconf 91' lang='lat' dir='ltr'><strong>ait</strong></span> <span class='ocrx_word' id='word_1_72' title='bbox 614 1167 737 1245; x_wconf 82' lang='lat' dir='ltr'><strong>Cicero,</strong></span> <span class='ocrx_word' id='word_1_73' title='bbox 753 1168 887 1231; x_wconf 88' lang='lat' dir='ltr'><strong>‘ludum</strong></span> <span class='ocrx_word' id='word_1_74' title='bbox 900 1166 1123 1252; x_wconf 82' lang='lat' dir='ltr'><strong>impudentiae’</strong></span> 
     </span>
     <span class='ocr_line' id='line_1_12' title="bbox 91 1251 1126 1336; baseline -0.004 -18"><span class='ocrx_word' id='word_1_75' title='bbox 91 1252 176 1336; x_wconf 88' lang='lat' dir='ltr'><strong>jussi</strong></span> <span class='ocrx_word' id='word_1_76' title='bbox 198 1260 286 1316; x_wconf 90' lang='lat' dir='ltr'><strong>sunt.</strong></span> <span class='ocrx_word' id='word_1_77' title='bbox 329 1251 404 1329; x_wconf 79' lang='lat' dir='ltr'><strong>Sed,</strong></span> <span class='ocrx_word' id='word_1_78' title='bbox 429 1261 467 1315; x_wconf 90' lang='lat' dir='ltr'><strong>ut</strong></span> <span class='ocrx_word' id='word_1_79' title='bbox 492 1251 599 1316; x_wconf 90' lang='lat' dir='ltr'><strong>dicere</strong></span> <span class='ocrx_word' id='word_1_80' title='bbox 625 1253 833 1333; x_wconf 88' lang='lat' dir='ltr'><strong>institueram,</strong></span> <span class='ocrx_word' id='word_1_81' title='bbox 856 1251 1066 1317; x_wconf 88' lang='lat' dir='ltr'><strong>deducuntur</strong></span> <span class='ocrx_word' id='word_1_82' title='bbox 1090 1252 1126 1315; x_wconf 90' lang='lat' dir='ltr'><strong>in</strong></span> 
     </span>
     <span class='ocr_line' id='line_1_13' title="bbox 95 1336 1125 1417; baseline -0.005 -15"><span class='ocrx_word' id='word_1_83' title='bbox 95 1338 234 1415; x_wconf 84' lang='lat' dir='ltr'><strong>scholas,</strong></span> <span class='ocrx_word' id='word_1_84' title='bbox 261 1336 296 1399; x_wconf 90' lang='lat' dir='ltr'><strong>in</strong></span> <span class='ocrx_word' id='word_1_85' title='bbox 319 1336 447 1417; x_wconf 88' lang='lat' dir='ltr'><strong>quibus,</strong></span> <span class='ocrx_word' id='word_1_86' title='bbox 466 1355 533 1400; x_wconf 90' lang='lat' dir='ltr'><strong>non</strong></span> <span class='ocrx_word' id='word_1_87' title='bbox 563 1336 661 1401; x_wconf 75' lang='lat' dir='ltr'><strong>facili</strong></span> <span class='ocrx_word' id='word_1_88' title='bbox 683 1337 831 1416; x_wconf 84' lang='lat' dir='ltr'><strong>dixerim,</strong></span> <span class='ocrx_word' id='word_1_89' title='bbox 853 1343 1005 1404; x_wconf 80' lang='lat' dir='ltr'><strong>utrumne</strong></span> <span class='ocrx_word' id='word_1_90' title='bbox 1030 1339 1125 1400; x_wconf 84' lang='lat' dir='ltr'><strong>locus</strong></span> 
     </span>
     <span class='ocr_line' id='line_1_14' title="bbox 96 1418 1128 1506; baseline -0.002 -21"><span class='ocrx_word' id='word_1_91' title='bbox 96 1423 174 1503; x_wconf 83' lang='lat' dir='ltr'><strong>ipae,</strong></span> <span class='ocrx_word' id='word_1_92' title='bbox 186 1440 227 1483; x_wconf 91' lang='lat' dir='ltr'><strong>an</strong></span> <span class='ocrx_word' id='word_1_93' title='bbox 244 1418 471 1501; x_wconf 86' lang='lat' dir='ltr'><strong>condiscipuli,</strong></span> <span class='ocrx_word' id='word_1_94' title='bbox 486 1441 528 1486; x_wconf 91' lang='lat' dir='ltr'><strong>an</strong></span> <span class='ocrx_word' id='word_1_95' title='bbox 541 1440 648 1506; x_wconf 80' lang='lat' dir='ltr'><strong>genus</strong></span> <span class='ocrx_word' id='word_1_96' title='bbox 662 1420 843 1485; x_wconf 89' lang='lat' dir='ltr'><strong>studiorum</strong></span> <span class='ocrx_word' id='word_1_97' title='bbox 856 1422 931 1503; x_wconf 90' lang='lat' dir='ltr'><strong>plus</strong></span> <span class='ocrx_word' id='word_1_98' title='bbox 943 1421 1020 1484; x_wconf 87' lang='lat' dir='ltr'><strong>mali</strong></span> <span class='ocrx_word' id='word_1_99' title='bbox 1036 1421 1128 1504; x_wconf 79' lang='lat' dir='ltr'><strong>inge</strong></span> 
     </span>
     <span class='ocr_line' id='line_1_15' title="bbox 96 1503 1128 1587; baseline -0.002 -18"><span class='ocrx_word' id='word_1_100' title='bbox 96 1506 161 1569; x_wconf 87' lang='lat' dir='ltr'><strong>niis</strong></span> <span class='ocrx_word' id='word_1_101' title='bbox 175 1504 318 1567; x_wconf 82' lang='lat' dir='ltr'><strong>afferent.</strong></span> <span class='ocrx_word' id='word_1_102' title='bbox 362 1503 448 1568; x_wconf 88' lang='lat' dir='ltr'><strong>Nam</strong></span> <span class='ocrx_word' id='word_1_103' title='bbox 462 1506 496 1569; x_wconf 91' lang='lat' dir='ltr'><strong>in</strong></span> <span class='ocrx_word' id='word_1_104' title='bbox 507 1508 579 1569; x_wconf 89' lang='lat' dir='ltr'><strong>leco</strong></span> <span class='ocrx_word' id='word_1_105' title='bbox 594 1506 677 1569; x_wconf 88' lang='lat' dir='ltr'><strong>nibil</strong></span> <span class='ocrx_word' id='word_1_106' title='bbox 694 1505 890 1585; x_wconf 77' lang='lat' dir='ltr'><strong>reverentiae,</strong></span> <span class='ocrx_word' id='word_1_107' title='bbox 905 1504 961 1568; x_wconf 88' lang='lat' dir='ltr'><strong>sed</strong></span> <span class='ocrx_word' id='word_1_108' title='bbox 977 1507 1128 1587; x_wconf 75' lang='lat' dir='ltr'><strong>inquens</strong></span> 
     </span>
     <span class='ocr_line' id='line_1_16' title="bbox 96 1587 1127 1672; baseline -0.002 -19"><span class='ocrx_word' id='word_1_109' title='bbox 96 1607 203 1667; x_wconf 89' lang='lat' dir='ltr'><strong>uerno,</strong></span> <span class='ocrx_word' id='word_1_110' title='bbox 219 1588 282 1650; x_wconf 89' lang='lat' dir='ltr'><strong>nisi</strong></span> <span class='ocrx_word' id='word_1_111' title='bbox 296 1590 391 1671; x_wconf 76' lang='lat' dir='ltr'><strong>reque</strong></span> <span class='ocrx_word' id='word_1_112' title='bbox 405 1590 572 1671; x_wconf 83' lang='lat' dir='ltr'><strong>imperitus</strong></span> <span class='ocrx_word' id='word_1_113' title='bbox 582 1591 691 1654; x_wconf 86' lang='lat' dir='ltr'><strong>intrat.</strong></span> <span class='ocrx_word' id='word_1_114' title='bbox 733 1590 773 1654; x_wconf 94' lang='lat' dir='ltr'><strong>ln</strong></span> <span class='ocrx_word' id='word_1_115' title='bbox 788 1589 1019 1672; x_wconf 88' lang='lat' dir='ltr'><strong>condiscipulis</strong></span> <span class='ocrx_word' id='word_1_116' title='bbox 1039 1587 1127 1652; x_wconf 89' lang='lat' dir='ltr'><strong>nihil</strong></span> 
     </span>
     <span class='ocr_line' id='line_1_17' title="bbox 97 1672 1128 1757; baseline -0.001 -21"><span class='ocrx_word' id='word_1_117' title='bbox 97 1672 267 1757; x_wconf 77' lang='lat' dir='ltr'><strong>prosectis,</strong></span> <span class='ocrx_word' id='word_1_118' title='bbox 281 1678 357 1735; x_wconf 78' lang='lat' dir='ltr'><strong>clim</strong></span> <span class='ocrx_word' id='word_1_119' title='bbox 377 1674 470 1755; x_wconf 90' lang='lat' dir='ltr'><strong>pueri</strong></span> <span class='ocrx_word' id='word_1_120' title='bbox 493 1674 578 1738; x_wconf 88' lang='lat' dir='ltr'><strong>inter</strong></span> <span class='ocrx_word' id='word_1_121' title='bbox 597 1694 725 1756; x_wconf 89' lang='lat' dir='ltr'><strong>pueros,</strong></span> <span class='ocrx_word' id='word_1_122' title='bbox 742 1687 774 1738; x_wconf 91' lang='lat' dir='ltr'><strong>et</strong></span> <span class='ocrx_word' id='word_1_123' title='bbox 790 1674 1021 1739; x_wconf 72' lang='lat' dir='ltr'><strong>adolescentuli</strong></span> <span class='ocrx_word' id='word_1_124' title='bbox 1042 1674 1128 1737; x_wconf 89' lang='lat' dir='ltr'><strong>inter</strong></span> 
     </span>
     <span class='ocr_line' id='line_1_18' title="bbox 97 1757 1128 1839; baseline -0.003 -18"><span class='ocrx_word' id='word_1_125' title='bbox 97 1757 366 1835; x_wconf 80' lang='lat' dir='ltr'><strong>adolescentulos,</strong></span> <span class='ocrx_word' id='word_1_126' title='bbox 395 1757 465 1839; x_wconf 87' lang='lat' dir='ltr'><strong>pari</strong></span> <span class='ocrx_word' id='word_1_127' title='bbox 490 1758 662 1823; x_wconf 77' lang='lat' dir='ltr'><strong>securitate</strong></span> <span class='ocrx_word' id='word_1_128' title='bbox 689 1771 722 1823; x_wconf 92' lang='lat' dir='ltr'><strong>et</strong></span> <span class='ocrx_word' id='word_1_129' title='bbox 749 1758 859 1822; x_wconf 88' lang='lat' dir='ltr'><strong>dicant</strong></span> <span class='ocrx_word' id='word_1_130' title='bbox 883 1769 916 1821; x_wconf 92' lang='lat' dir='ltr'><strong>et</strong></span> <span class='ocrx_word' id='word_1_131' title='bbox 940 1759 1128 1822; x_wconf 88' lang='lat' dir='ltr'><strong>audiantur.</strong></span> 
     </span>
     <span class='ocr_line' id='line_1_19' title="bbox 99 1841 1128 1939; baseline -0.003 -33"><span class='ocrx_word' id='word_1_132' title='bbox 99 1843 184 1924; x_wconf 79' lang='lat' dir='ltr'><strong>lpsa</strong></span> <span class='ocrx_word' id='word_1_133' title='bbox 212 1841 290 1906; x_wconf 78' lang='lat' dir='ltr'><strong>verb</strong></span> <span class='ocrx_word' id='word_1_134' title='bbox 317 1841 561 1904; x_wconf 83' lang='lat' dir='ltr'><strong>exercitationes</strong></span> <span class='ocrx_word' id='word_1_135' title='bbox 594 1844 714 1939; x_wconf 74' lang='lat' dir='ltr'><strong>magni</strong></span> <span class='ocrx_word' id='word_1_136' title='bbox 750 1863 792 1908; x_wconf 88' lang='lat' dir='ltr'><strong>ex</strong></span> <span class='ocrx_word' id='word_1_137' title='bbox 820 1853 909 1925; x_wconf 85' lang='lat' dir='ltr'><strong>parte</strong></span> <span class='ocrx_word' id='word_1_138' title='bbox 945 1844 1128 1907; x_wconf 80' lang='lat' dir='ltr'><strong>contrarie.</strong></span> 
     </span>
     <span class='ocr_line' id='line_1_20' title="bbox 99 1924 1130 2009; baseline -0.001 -19"><span class='ocrx_word' id='word_1_139' title='bbox 99 1926 225 2009; x_wconf 85' lang='lat' dir='ltr'><strong>Nempe</strong></span> <span class='ocrx_word' id='word_1_140' title='bbox 239 1924 328 1990; x_wconf 89' lang='lat' dir='ltr'><strong>euim</strong></span> <span class='ocrx_word' id='word_1_141' title='bbox 341 1924 408 1987; x_wconf 89' lang='lat' dir='ltr'><strong>duo</strong></span> <span class='ocrx_word' id='word_1_142' title='bbox 421 1925 540 2009; x_wconf 86' lang='lat' dir='ltr'><strong>genera</strong></span> <span class='ocrx_word' id='word_1_143' title='bbox 555 1938 762 1991; x_wconf 84' lang='lat' dir='ltr'><strong>materiarum</strong></span> <span class='ocrx_word' id='word_1_144' title='bbox 778 1928 864 2009; x_wconf 89' lang='lat' dir='ltr'><strong>apud</strong></span> <span class='ocrx_word' id='word_1_145' title='bbox 883 1927 1023 1991; x_wconf 86' lang='lat' dir='ltr'><strong>rhetores</strong></span> <span class='ocrx_word' id='word_1_146' title='bbox 1043 1936 1130 1989; x_wconf 83' lang='lat' dir='ltr'><strong>trac-</strong></span> 
     </span>
     <span class='ocr_line' id='line_1_21' title="bbox 98 2009 1129 2094; baseline -0.002 -19"><span class='ocrx_word' id='word_1_147' title='bbox 98 2019 218 2091; x_wconf 79' lang='lat' dir='ltr'><strong>tantur,</strong></span> <span class='ocrx_word' id='word_1_148' title='bbox 240 2009 392 2074; x_wconf 78' lang='lat' dir='ltr'><strong>suasorie</strong></span> <span class='ocrx_word' id='word_1_149' title='bbox 414 2020 447 2073; x_wconf 91' lang='lat' dir='ltr'><strong>et</strong></span> <span class='ocrx_word' id='word_1_150' title='bbox 469 2011 708 2076; x_wconf 67' lang='lat' dir='ltr'><strong>controversie.</strong></span> <span class='ocrx_word' id='word_1_151' title='bbox 752 2012 807 2077; x_wconf 84' lang='lat' dir='ltr'><strong>Ex</strong></span> <span class='ocrx_word' id='word_1_152' title='bbox 822 2012 863 2074; x_wconf 89' lang='lat' dir='ltr'><strong>iis</strong></span> <span class='ocrx_word' id='word_1_153' title='bbox 885 2012 1039 2075; x_wconf 73' lang='lat' dir='ltr'><strong>suasorie</strong></span> <span class='ocrx_word' id='word_1_154' title='bbox 1054 2010 1129 2094; x_wconf 87' lang='lat' dir='ltr'><strong>qui·</strong></span> 
     </span>
     <span class='ocr_line' id='line_1_22' title="bbox 99 2093 1129 2181; baseline -0.002 -22"><span class='ocrx_word' id='word_1_155' title='bbox 99 2094 184 2173; x_wconf 90' lang='lat' dir='ltr'><strong>dem,</strong></span> <span class='ocrx_word' id='word_1_156' title='bbox 199 2105 356 2176; x_wconf 88' lang='lat' dir='ltr'><strong>tanquam</strong></span> <span class='ocrx_word' id='word_1_157' title='bbox 370 2093 467 2174; x_wconf 77' lang='lat' dir='ltr'><strong>plene</strong></span> <span class='ocrx_word' id='word_1_158' title='bbox 482 2094 619 2158; x_wconf 82' lang='lat' dir='ltr'><strong>leviores</strong></span> <span class='ocrx_word' id='word_1_159' title='bbox 630 2107 661 2160; x_wconf 92' lang='lat' dir='ltr'><strong>et</strong></span> <span class='ocrx_word' id='word_1_160' title='bbox 676 2097 787 2161; x_wconf 86' lang='lat' dir='ltr'><strong>minus</strong></span> <span class='ocrx_word' id='word_1_161' title='bbox 799 2096 977 2180; x_wconf 80' lang='lat' dir='ltr'><strong>prudentia</strong></span> <span class='ocrx_word' id='word_1_162' title='bbox 992 2096 1129 2181; x_wconf 83' lang='lat' dir='ltr'><strong>erigen-</strong></span> 
     </span>
     <span class='ocr_line' id='line_1_23' title="bbox 100 2177 1130 2266; baseline 0.001 -24"><span class='ocrx_word' id='word_1_163' title='bbox 100 2189 156 2257; x_wconf 89' lang='lat' dir='ltr'><strong>tes,</strong></span> <span class='ocrx_word' id='word_1_164' title='bbox 171 2177 280 2260; x_wconf 89' lang='lat' dir='ltr'><strong>pueris</strong></span> <span class='ocrx_word' id='word_1_165' title='bbox 292 2177 500 2262; x_wconf 81' lang='lat' dir='ltr'><strong>delegantur3</strong></span> <span class='ocrx_word' id='word_1_166' title='bbox 524 2181 751 2245; x_wconf 83' lang='lat' dir='ltr'><strong>controversiae</strong></span> <span class='ocrx_word' id='word_1_167' title='bbox 773 2181 1004 2246; x_wconf 87' lang='lat' dir='ltr'><strong>robustioribus</strong></span> <span class='ocrx_word' id='word_1_168' title='bbox 1025 2181 1130 2266; x_wconf 83' lang='lat' dir='ltr'><strong>assig-</strong></span> 
     </span>
     <span class='ocr_line' id='line_1_24' title="bbox 99 2261 1129 2347; baseline -0.001 -19"><span class='ocrx_word' id='word_1_169' title='bbox 99 2273 229 2342; x_wconf 83' lang='lat' dir='ltr'><strong>nantur,</strong></span> <span class='ocrx_word' id='word_1_170' title='bbox 243 2262 367 2344; x_wconf 85' lang='lat' dir='ltr'><strong>quales,</strong></span> <span class='ocrx_word' id='word_1_171' title='bbox 390 2280 447 2342; x_wconf 90' lang='lat' dir='ltr'><strong>per</strong></span> <span class='ocrx_word' id='word_1_172' title='bbox 462 2261 569 2339; x_wconf 91' lang='lat' dir='ltr'><strong>fidem,</strong></span> <span class='ocrx_word' id='word_1_173' title='bbox 584 2273 616 2325; x_wconf 86' lang='lat' dir='ltr'><strong>et</strong></span> <span class='ocrx_word' id='word_1_174' title='bbox 630 2266 728 2345; x_wconf 76' lang='lat' dir='ltr'><strong>quim</strong></span> <span class='ocrx_word' id='word_1_175' title='bbox 747 2264 976 2330; x_wconf 81' lang='lat' dir='ltr'><strong>incredibiliter</strong></span> <span class='ocrx_word' id='word_1_176' title='bbox 996 2283 1129 2347; x_wconf 75' lang='lat' dir='ltr'><strong>compo</strong></span> 
     </span>
     <span class='ocr_line' id='line_1_25' title="bbox 100 2344 1127 2428; baseline 0.003 -18"><span class='ocrx_word' id='word_1_177' title='bbox 100 2346 172 2411; x_wconf 79' lang='lat' dir='ltr'><strong>sitm</strong></span> <span class='ocrx_word' id='word_1_178' title='bbox 185 2348 192 2409; x_wconf 95' lang='lat' dir='ltr'><strong>l</strong></span> <span class='ocrx_word' id='word_1_179' title='bbox 236 2344 391 2428; x_wconf 84' lang='lat' dir='ltr'><strong>Sequitur</strong></span> <span class='ocrx_word' id='word_1_180' title='bbox 406 2355 524 2422; x_wconf 89' lang='lat' dir='ltr'><strong>autern,</strong></span> <span class='ocrx_word' id='word_1_181' title='bbox 540 2357 576 2408; x_wconf 88' lang='lat' dir='ltr'><strong>nt</strong></span> <span class='ocrx_word' id='word_1_182' title='bbox 589 2348 730 2410; x_wconf 82' lang='lat' dir='ltr'><strong>materiae</strong></span> <span class='ocrx_word' id='word_1_183' title='bbox 752 2350 971 2419; x_wconf 84' lang='lat' dir='ltr'><strong>abhorrentia</strong></span> <span class='ocrx_word' id='word_1_184' title='bbox 990 2349 1127 2413; x_wconf 84' lang='lat' dir='ltr'><strong>veritate</strong></span> 
     </span>
     <span class='ocr_line' id='line_1_26' title="bbox 100 2429 1129 2517; baseline 0 -22"><span class='ocrx_word' id='word_1_185' title='bbox 100 2430 294 2495; x_wconf 85' lang='lat' dir='ltr'><strong>declamatio</strong></span> <span class='ocrx_word' id='word_1_186' title='bbox 314 2448 444 2512; x_wconf 81' lang='lat' dir='ltr'><strong>quoquc</strong></span> <span class='ocrx_word' id='word_1_187' title='bbox 466 2429 667 2517; x_wconf 87' lang='lat' dir='ltr'><strong>adhibeatur.</strong></span> <span class='ocrx_word' id='word_1_188' title='bbox 710 2432 768 2496; x_wconf 83' lang='lat' dir='ltr'><strong>Sic</strong></span> <span class='ocrx_word' id='word_1_189' title='bbox 780 2433 827 2515; x_wconf 86' lang='lat' dir='ltr'><strong>fit,</strong></span> <span class='ocrx_word' id='word_1_190' title='bbox 850 2443 888 2497; x_wconf 89' lang='lat' dir='ltr'><strong>ut</strong></span> <span class='ocrx_word' id='word_1_191' title='bbox 909 2433 1129 2517; x_wconf 77' lang='lat' dir='ltr'><strong>tyrannicida·</strong></span> 
     </span>
     <span class='ocr_line' id='line_1_27' title="bbox 100 2513 1155 2601; baseline -0.004 -22"><span class='ocrx_word' id='word_1_192' title='bbox 100 2534 176 2579; x_wconf 90' lang='lat' dir='ltr'><strong>rum</strong></span> <span class='ocrx_word' id='word_1_193' title='bbox 200 2514 341 2598; x_wconf 76' lang='lat' dir='ltr'><strong>premia,</strong></span> <span class='ocrx_word' id='word_1_194' title='bbox 363 2521 421 2577; x_wconf 88' lang='lat' dir='ltr'><strong>aut</strong></span> <span class='ocrx_word' id='word_1_195' title='bbox 439 2513 628 2578; x_wconf 86' lang='lat' dir='ltr'><strong>vitiatarum</strong></span> <span class='ocrx_word' id='word_1_196' title='bbox 650 2515 832 2594; x_wconf 87' lang='lat' dir='ltr'><strong>electiones,</strong></span> <span class='ocrx_word' id='word_1_197' title='bbox 856 2529 914 2581; x_wconf 91' lang='lat' dir='ltr'><strong>aut</strong></span> <span class='ocrx_word' id='word_1_198' title='bbox 937 2517 1127 2601; x_wconf 79' lang='lat' dir='ltr'><strong>pestilentie</strong></span> <span class='ocrx_word' id='word_1_199' title='bbox 1149 2569 1155 2575; x_wconf 87' lang='lat'>.</span> 
     </span>
     <span class='ocr_line' id='line_1_28' title="bbox 99 2599 1194 2686; baseline 0.002 -22"><span class='ocrx_word' id='word_1_200' title='bbox 99 2599 251 2678; x_wconf 85' lang='lat' dir='ltr'><strong>remedia,</strong></span> <span class='ocrx_word' id='word_1_201' title='bbox 266 2609 323 2662; x_wconf 88' lang='lat' dir='ltr'><strong>aut</strong></span> <span class='ocrx_word' id='word_1_202' title='bbox 337 2599 461 2661; x_wconf 86' lang='lat' dir='ltr'><strong>incesta</strong></span> <span class='ocrx_word' id='word_1_203' title='bbox 474 2611 627 2678; x_wconf 85' lang='lat' dir='ltr'><strong>matrum,</strong></span> <span class='ocrx_word' id='word_1_204' title='bbox 641 2609 697 2662; x_wconf 88' lang='lat' dir='ltr'><strong>aut</strong></span> <span class='ocrx_word' id='word_1_205' title='bbox 711 2600 865 2683; x_wconf 88' lang='lat' dir='ltr'><strong>quiequid</strong></span> <span class='ocrx_word' id='word_1_206' title='bbox 880 2601 915 2666; x_wconf 89' lang='lat' dir='ltr'><strong>in</strong></span> <span class='ocrx_word' id='word_1_207' title='bbox 927 2602 1037 2667; x_wconf 78' lang='lat' dir='ltr'><strong>scholi</strong></span> <span class='ocrx_word' id='word_1_208' title='bbox 1048 2621 1128 2686; x_wconf 78' lang='lat' dir='ltr'><strong>qno</strong></span> <span class='ocrx_word' id='word_1_209' title='bbox 1188 2672 1194 2681; x_wconf 55' lang='grc'>,</span> 
     </span>
     <span class='ocr_line' id='line_1_29' title="bbox 99 2680 1158 2771; baseline 0.003 -25"><span class='ocrx_word' id='word_1_210' title='bbox 99 2683 179 2747; x_wconf 79' lang='lat' dir='ltr'><strong>tidie</strong></span> <span class='ocrx_word' id='word_1_211' title='bbox 194 2683 309 2766; x_wconf 83' lang='lat' dir='ltr'><strong>agitur,</strong></span> <span class='ocrx_word' id='word_1_212' title='bbox 324 2682 358 2744; x_wconf 90' lang='lat' dir='ltr'><strong>in</strong></span> <span class='ocrx_word' id='word_1_213' title='bbox 374 2680 445 2744; x_wconf 83' lang='lat' dir='ltr'><strong>foro</strong></span> <span class='ocrx_word' id='word_1_214' title='bbox 458 2683 511 2745; x_wconf 82' lang='lat' dir='ltr'><strong>vel</strong></span> <span class='ocrx_word' id='word_1_215' title='bbox 527 2688 597 2746; x_wconf 77' lang='lat' dir='ltr'><strong>rare</strong></span> <span class='ocrx_word' id='word_1_216' title='bbox 609 2685 663 2746; x_wconf 85' lang='lat' dir='ltr'><strong>vel</strong></span> <span class='ocrx_word' id='word_1_217' title='bbox 677 2702 848 2764; x_wconf 87' lang='lat' dir='ltr'><strong>nunquam</strong></span> <span class='ocrx_word' id='word_1_218' title='bbox 858 2686 1042 2771; x_wconf 80' lang='lat' dir='ltr'><strong>ingentibus</strong></span> <span class='ocrx_word' id='word_1_219' title='bbox 1057 2705 1128 2749; x_wconf 86' lang='lat' dir='ltr'><strong>vcr-</strong></span> <span class='ocrx_word' id='word_1_220' title='bbox 1155 2760 1158 2763; x_wconf 32' lang='grc'>,</span> 
     </span>
     <span class='ocr_line' id='line_1_30' title="bbox 101 2765 1128 2850; baseline 0.004 -19"><span class='ocrx_word' id='word_1_221' title='bbox 101 2767 152 2831; x_wconf 88' lang='lat' dir='ltr'><strong>bis</strong></span> <span class='ocrx_word' id='word_1_222' title='bbox 166 2777 412 2848; x_wconf 87' lang='lat' dir='ltr'><strong>persequantur:</strong></span> <span class='ocrx_word' id='word_1_223' title='bbox 435 2766 509 2829; x_wconf 82' lang='lat' dir='ltr'><strong>crim</strong></span> <span class='ocrx_word' id='word_1_224' title='bbox 523 2765 566 2829; x_wconf 89' lang='lat' dir='ltr'><strong>ad</strong></span> <span class='ocrx_word' id='word_1_225' title='bbox 578 2787 674 2831; x_wconf 84' lang='lat' dir='ltr'><strong>veros</strong></span> <span class='ocrx_word' id='word_1_226' title='bbox 684 2766 811 2848; x_wconf 88' lang='lat' dir='ltr'><strong>judices</strong></span> <span class='ocrx_word' id='word_1_227' title='bbox 825 2780 960 2835; x_wconf 81' lang='lat' dir='ltr'><strong>ventum</strong></span> <span class='ocrx_word' id='word_1_228' title='bbox 972 2780 1030 2850; x_wconf 80' lang='lat' dir='ltr'><strong>est,</strong></span> <span class='ocrx_word' id='word_1_229' title='bbox 1064 2772 1081 2800; x_wconf 80' lang='lat'><strong>¹⁵</strong></span> <span class='ocrx_word' id='word_1_230' title='bbox 1112 2773 1128 2801; x_wconf 77' lang='lat'>⁸</span> 
     </span>
     <span class='ocr_line' id='line_1_31' title="bbox 101 2850 1124 2933; baseline 0.004 -22"><span class='ocrx_word' id='word_1_231' title='bbox 101 2853 145 2932; x_wconf 89' lang='lat'><strong>[1.</strong></span> <span class='ocrx_word' id='word_1_232' title='bbox 162 2853 295 2931; x_wconf 84' lang='lat' dir='ltr'><strong>juvenes,</strong></span> <span class='ocrx_word' id='word_1_233' title='bbox 304 2850 461 2926; x_wconf 86' lang='lat' dir='ltr'><strong>puerilibus</strong></span> <span class='ocrx_word' id='word_1_234' title='bbox 475 2853 613 2911; x_wconf 80' lang='lat' dir='ltr'><strong>institutis</strong></span> <span class='ocrx_word' id='word_1_235' title='bbox 623 2855 687 2911; x_wconf 85' lang='lat' dir='ltr'><strong>aine</strong></span> <span class='ocrx_word' id='word_1_236' title='bbox 696 2854 754 2911; x_wconf 80' lang='lat' dir='ltr'><strong>ulla</strong></span> <span class='ocrx_word' id='word_1_237' title='bbox 766 2854 869 2930; x_wconf 74' lang='lat' dir='ltr'><strong>privati</strong></span> <span class='ocrx_word' id='word_1_238' title='bbox 882 2857 1044 2932; x_wconf 88' lang='lat' dir='ltr'><strong>publicique</strong></span> <span class='ocrx_word' id='word_1_239' title='bbox 1050 2856 1124 2933; x_wconf 80' lang='lat' dir='ltr'><strong>juris</strong></span> 
     </span>
     <span class='ocr_line' id='line_1_32' title="bbox 98 2929 1125 3010; baseline 0 -18"><span class='ocrx_word' id='word_1_240' title='bbox 98 2930 280 3009; x_wconf 74' lang='lat' dir='ltr'><strong>experientis</strong></span> <span class='ocrx_word' id='word_1_241' title='bbox 300 2948 353 3006; x_wconf 85' lang='lat' dir='ltr'><strong>per</strong></span> <span class='ocrx_word' id='word_1_242' title='bbox 374 2929 473 3006; x_wconf 81' lang='lat' dir='ltr'><strong>plures</strong></span> <span class='ocrx_word' id='word_1_243' title='bbox 492 2950 583 2990; x_wconf 88' lang='lat' dir='ltr'><strong>annos</strong></span> <span class='ocrx_word' id='word_1_244' title='bbox 602 2933 738 3003; x_wconf 88' lang='lat' dir='ltr'><strong>innutriti,</strong></span> <span class='ocrx_word' id='word_1_245' title='bbox 751 2932 825 2991; x_wconf 84' lang='lat' dir='ltr'><strong>nihil</strong></span> <span class='ocrx_word' id='word_1_246' title='bbox 842 2934 964 2995; x_wconf 80' lang='lat' dir='ltr'><strong>efferunt</strong></span> <span class='ocrx_word' id='word_1_247' title='bbox 977 2935 1052 3010; x_wconf 81' lang='lat' dir='ltr'><strong>quod</strong></span> <span class='ocrx_word' id='word_1_248' title='bbox 1073 2935 1125 2995; x_wconf 80' lang='lat' dir='ltr'><strong>lori</strong></span> 
     </span>
     <span class='ocr_line' id='line_1_33' title="bbox 101 3008 1124 3089; baseline -0.001 -17"><span class='ocrx_word' id='word_1_249' title='bbox 101 3012 270 3088; x_wconf 80' lang='lat' dir='ltr'><strong>dignitatem</strong></span> <span class='ocrx_word' id='word_1_250' title='bbox 283 3008 396 3079; x_wconf 88' lang='lat' dir='ltr'><strong>deceat,</strong></span> <span class='ocrx_word' id='word_1_251' title='bbox 409 3021 457 3068; x_wconf 82' lang='lat' dir='ltr'><strong>eut</strong></span> <span class='ocrx_word' id='word_1_252' title='bbox 478 3011 626 3069; x_wconf 89' lang='lat' dir='ltr'><strong>clientium</strong></span> <span class='ocrx_word' id='word_1_253' title='bbox 647 3012 704 3070; x_wconf 84' lang='lat' dir='ltr'><strong>alat</strong></span> <span class='ocrx_word' id='word_1_254' title='bbox 724 3013 870 3071; x_wconf 84' lang='lat' dir='ltr'><strong>utilitates.</strong></span> <span class='ocrx_word' id='word_1_255' title='bbox 913 3015 954 3071; x_wconf 84' lang='lat' dir='ltr'><strong>At</strong></span> <span class='ocrx_word' id='word_1_256' title='bbox 973 3015 1050 3083; x_wconf 80' lang='lat' dir='ltr'><strong>ritis,</strong></span> <span class='ocrx_word' id='word_1_257' title='bbox 1063 3031 1124 3089; x_wconf 71' lang='lat' dir='ltr'><strong>qn·</strong></span> 
     </span>
     <span class='ocr_line' id='line_1_34' title="bbox 101 3089 1122 3168; baseline -0.001 -18"><span class='ocrx_word' id='word_1_258' title='bbox 101 3089 253 3150; x_wconf 82' lang='lat' dir='ltr'><strong>umbratici</strong></span> <span class='ocrx_word' id='word_1_259' title='bbox 265 3089 399 3146; x_wconf 84' lang='lat' dir='ltr'><strong>doctores</strong></span> <span class='ocrx_word' id='word_1_260' title='bbox 412 3089 451 3146; x_wconf 90' lang='lat' dir='ltr'><strong>iis</strong></span> <span class='ocrx_word' id='word_1_261' title='bbox 460 3089 599 3160; x_wconf 73' lang='lat' dir='ltr'><strong>inludere,</strong></span> <span class='ocrx_word' id='word_1_262' title='bbox 610 3092 799 3150; x_wconf 83' lang='lat' dir='ltr'><strong>irreverenter</strong></span> <span class='ocrx_word' id='word_1_263' title='bbox 812 3103 841 3149; x_wconf 92' lang='lat' dir='ltr'><strong>et</strong></span> <span class='ocrx_word' id='word_1_264' title='bbox 854 3093 961 3149; x_wconf 72' lang='lat' dir='ltr'><strong>temeri</strong></span> <span class='ocrx_word' id='word_1_265' title='bbox 972 3093 1122 3168; x_wconf 79' lang='lat' dir='ltr'><strong>explicant</strong></span> 
     </span>
     <span class='ocr_line' id='line_1_35' title="bbox 104 3168 1194 3246; baseline -0.002 -16"><span class='ocrx_word' id='word_1_266' title='bbox 104 3171 194 3239; x_wconf 91' lang='lat' dir='ltr'><strong>Hinc,</strong></span> <span class='ocrx_word' id='word_1_267' title='bbox 202 3168 228 3226; x_wconf 84' lang='lat' dir='ltr'><strong>ai</strong></span> <span class='ocrx_word' id='word_1_268' title='bbox 242 3177 447 3244; x_wconf 77' lang='lat' dir='ltr'><strong>preceptorem</strong></span> <span class='ocrx_word' id='word_1_269' title='bbox 461 3169 581 3226; x_wconf 69' lang='lat' dir='ltr'><strong>audacis</strong></span> <span class='ocrx_word' id='word_1_270' title='bbox 594 3170 736 3246; x_wconf 85' lang='lat' dir='ltr'><strong>turgidum</strong></span> <span class='ocrx_word' id='word_1_271' title='bbox 745 3170 850 3228; x_wconf 83' lang='lat' dir='ltr'><strong>suerint</strong></span> <span class='ocrx_word' id='word_1_272' title='bbox 861 3170 949 3242; x_wconf 86' lang='lat' dir='ltr'><strong>necti,</strong></span> <span class='ocrx_word' id='word_1_273' title='bbox 959 3170 1014 3228; x_wconf 87' lang='lat' dir='ltr'><strong>hos</strong></span> <span class='ocrx_word' id='word_1_274' title='bbox 1027 3171 1122 3228; x_wconf 80' lang='lat' dir='ltr'><strong>videas</strong></span> <span class='ocrx_word' id='word_1_275' title='bbox 1188 3188 1194 3197; x_wconf 94' lang='lat'><strong>·</strong></span> 
     </span>
     <span class='ocr_line' id='line_1_36' title="bbox 104 3247 1122 3327; baseline -0.001 -20"><span class='ocrx_word' id='word_1_276' title='bbox 104 3249 159 3308; x_wconf 82' lang='lat' dir='ltr'><strong>altri</strong></span> <span class='ocrx_word' id='word_1_277' title='bbox 175 3247 299 3316; x_wconf 85' lang='lat' dir='ltr'><strong>cervice,</strong></span> <span class='ocrx_word' id='word_1_278' title='bbox 314 3247 400 3304; x_wconf 84' lang='lat' dir='ltr'><strong>torvis</strong></span> <span class='ocrx_word' id='word_1_279' title='bbox 414 3247 517 3317; x_wconf 88' lang='lat' dir='ltr'><strong>oculis,</strong></span> <span class='ocrx_word' id='word_1_280' title='bbox 527 3247 625 3323; x_wconf 84' lang='lat' dir='ltr'><strong>plenis</strong></span> <span class='ocrx_word' id='word_1_281' title='bbox 646 3249 756 3319; x_wconf 89' lang='lat' dir='ltr'><strong>buccis,</strong></span> <span class='ocrx_word' id='word_1_282' title='bbox 770 3251 947 3327; x_wconf 84' lang='lat' dir='ltr'><strong>superboque</strong></span> <span class='ocrx_word' id='word_1_283' title='bbox 965 3250 1051 3308; x_wconf 90' lang='lat' dir='ltr'><strong>totius</strong></span> <span class='ocrx_word' id='word_1_284' title='bbox 1065 3268 1122 3306; x_wconf 91' lang='lat' dir='ltr'><strong>cor·</strong></span> 
     </span>
     <span class='ocr_line' id='line_1_37' title="bbox 103 3324 1122 3406; baseline -0.001 -21"><span class='ocrx_word' id='word_1_285' title='bbox 103 3326 182 3406; x_wconf 88' lang='lat' dir='ltr'><strong>puris</strong></span> <span class='ocrx_word' id='word_1_286' title='bbox 196 3324 295 3381; x_wconf 87' lang='lat' dir='ltr'><strong>habitu</strong></span> <span class='ocrx_word' id='word_1_287' title='bbox 309 3324 547 3384; x_wconf 83' lang='lat' dir='ltr'><strong>declamationum</strong></span> <span class='ocrx_word' id='word_1_288' title='bbox 571 3337 701 3403; x_wconf 87' lang='lat' dir='ltr'><strong>portenta</strong></span> <span class='ocrx_word' id='word_1_289' title='bbox 722 3347 787 3386; x_wconf 87' lang='lat' dir='ltr'><strong>curn</strong></span> <span class='ocrx_word' id='word_1_290' title='bbox 805 3329 884 3387; x_wconf 90' lang='lat' dir='ltr'><strong>inani</strong></span> <span class='ocrx_word' id='word_1_291' title='bbox 904 3330 1051 3386; x_wconf 85' lang='lat' dir='ltr'><strong>verborum</strong></span> <span class='ocrx_word' id='word_1_292' title='bbox 1071 3327 1122 3384; x_wconf 80' lang='lat' dir='ltr'><strong>lra-</strong></span> 
     </span>
     <span class='ocr_line' id='line_1_38' title="bbox 104 3405 1121 3480; baseline 0.005 -19"><span class='ocrx_word' id='word_1_293' title='bbox 104 3423 174 3480; x_wconf 85' lang='lat' dir='ltr'><strong>gore</strong></span> <span class='ocrx_word' id='word_1_294' title='bbox 188 3412 349 3475; x_wconf 86' lang='lat' dir='ltr'><strong>crepantes.</strong></span> <span class='ocrx_word' id='word_1_295' title='bbox 392 3405 497 3461; x_wconf 76' lang='lat' dir='ltr'><strong>Contrri</strong></span> <span class='ocrx_word' id='word_1_296' title='bbox 512 3406 539 3462; x_wconf 90' lang='lat' dir='ltr'><strong>ai</strong></span> <span class='ocrx_word' id='word_1_297' title='bbox 563 3405 600 3462; x_wconf 90' lang='lat' dir='ltr'><strong>iis</strong></span> <span class='ocrx_word' id='word_1_298' title='bbox 619 3405 705 3463; x_wconf 83' lang='lat' dir='ltr'><strong>luerit</strong></span> <span class='ocrx_word' id='word_1_299' title='bbox 720 3406 819 3464; x_wconf 86' lang='lat' dir='ltr'><strong>doctor</strong></span> <span class='ocrx_word' id='word_1_300' title='bbox 839 3427 876 3465; x_wconf 87' lang='lat' dir='ltr'><strong>ex</strong></span> <span class='ocrx_word' id='word_1_301' title='bbox 889 3408 939 3465; x_wconf 93' lang='lat' dir='ltr'><strong>illo</strong></span> <span class='ocrx_word' id='word_1_302' title='bbox 957 3408 1121 3465; x_wconf 73' lang='lat' dir='ltr'><strong>molliturum</strong></span> 
     </span>
     <span class='ocr_line' id='line_1_39' title="bbox 103 3481 1120 3562; baseline 0.007 -25"><span class='ocrx_word' id='word_1_303' title='bbox 103 3481 252 3561; x_wconf 78' lang='lat' dir='ltr'><strong>bominum</strong></span> <span class='ocrx_word' id='word_1_304' title='bbox 262 3497 359 3552; x_wconf 84' lang='lat' dir='ltr'><strong>grege,</strong></span> <span class='ocrx_word' id='word_1_305' title='bbox 373 3482 421 3552; x_wconf 91' lang='lat' dir='ltr'><strong>qui</strong></span> <span class='ocrx_word' id='word_1_306' title='bbox 435 3482 537 3539; x_wconf 78' lang='lat' dir='ltr'><strong>fucatre</strong></span> <span class='ocrx_word' id='word_1_307' title='bbox 551 3484 620 3540; x_wconf 88' lang='lat' dir='ltr'><strong>artis</strong></span> <span class='ocrx_word' id='word_1_308' title='bbox 633 3484 788 3561; x_wconf 83' lang='lat' dir='ltr'><strong>lenociniis</strong></span> <span class='ocrx_word' id='word_1_309' title='bbox 801 3487 910 3562; x_wconf 82' lang='lat' dir='ltr'><strong>ingenii</strong></span> <span class='ocrx_word' id='word_1_310' title='bbox 923 3486 1027 3543; x_wconf 85' lang='lat' dir='ltr'><strong>samam</strong></span> <span class='ocrx_word' id='word_1_311' title='bbox 1040 3503 1120 3543; x_wconf 79' lang='lat' dir='ltr'><strong>aucu-</strong></span> 
     </span>
     <span class='ocr_line' id='line_1_40' title="bbox 104 3555 1119 3639; baseline 0.014 -29"><span class='ocrx_word' id='word_1_312' title='bbox 104 3567 216 3635; x_wconf 82' lang='lat' dir='ltr'><strong>pantur,</strong></span> <span class='ocrx_word' id='word_1_313' title='bbox 229 3555 389 3627; x_wconf 84' lang='lat' dir='ltr'><strong>crispantes</strong></span> <span class='ocrx_word' id='word_1_314' title='bbox 414 3577 516 3616; x_wconf 85' lang='lat' dir='ltr'><strong>cernes</strong></span> <span class='ocrx_word' id='word_1_315' title='bbox 544 3560 785 3634; x_wconf 85' lang='lat' dir='ltr'><strong>adolescentulos,</strong></span> <span class='ocrx_word' id='word_1_316' title='bbox 807 3565 855 3639; x_wconf 92' lang='lat' dir='ltr'><strong>qui</strong></span> <span class='ocrx_word' id='word_1_317' title='bbox 876 3565 1017 3622; x_wconf 87' lang='lat' dir='ltr'><strong>renidenti</strong></span> <span class='ocrx_word' id='word_1_318' title='bbox 1038 3564 1119 3631; x_wconf 75' lang='lat' dir='ltr'><strong>vultu,</strong></span> 
     </span>
     <span class='ocr_line' id='line_1_41' title="bbox 102 3633 1120 3721; baseline 0.007 -31"><span class='ocrx_word' id='word_1_319' title='bbox 102 3633 193 3721; x_wconf 65' lang='lat' dir='ltr'><strong>fracti</strong></span> <span class='ocrx_word' id='word_1_320' title='bbox 218 3633 458 3718; x_wconf 79' lang='lat' dir='ltr'><strong>pronuntiatione,</strong></span> <span class='ocrx_word' id='word_1_321' title='bbox 479 3648 564 3710; x_wconf 83' lang='lat' dir='ltr'><strong>gestu</strong></span> <span class='ocrx_word' id='word_1_322' title='bbox 588 3639 713 3713; x_wconf 85' lang='lat' dir='ltr'><strong>supplici</strong></span> <span class='ocrx_word' id='word_1_323' title='bbox 739 3644 828 3700; x_wconf 84' lang='lat' dir='ltr'><strong>verba</strong></span> <span class='ocrx_word' id='word_1_324' title='bbox 853 3643 1037 3719; x_wconf 87' lang='lat' dir='ltr'><strong>suspendant,</strong></span> <span class='ocrx_word' id='word_1_325' title='bbox 1059 3658 1120 3698; x_wconf 87' lang='lat' dir='ltr'><strong>sen·</strong></span> 
     </span>
     <span class='ocr_line' id='line_1_42' title="bbox 102 3712 1119 3797; baseline 0.021 -36"><span class='ocrx_word' id='word_1_326' title='bbox 102 3718 208 3763; x_wconf 81' lang='lat' dir='ltr'><strong>tenuas</strong></span> <span class='ocrx_word' id='word_1_327' title='bbox 222 3717 365 3778; x_wconf 78' lang='lat' dir='ltr'><strong>intricant,</strong></span> <span class='ocrx_word' id='word_1_328' title='bbox 379 3712 504 3786; x_wconf 80' lang='lat' dir='ltr'><strong>srgrrtias</strong></span> <span class='ocrx_word' id='word_1_329' title='bbox 526 3716 731 3790; x_wconf 81' lang='lat' dir='ltr'><strong>agglomerent,</strong></span> <span class='ocrx_word' id='word_1_330' title='bbox 750 3737 840 3797; x_wconf 85' lang='lat' dir='ltr'><strong>seque</strong></span> <span class='ocrx_word' id='word_1_331' title='bbox 856 3720 894 3779; x_wconf 89' lang='lat' dir='ltr'><strong>ad</strong></span> <span class='ocrx_word' id='word_1_332' title='bbox 914 3739 1015 3780; x_wconf 84' lang='lat' dir='ltr'><strong>omnes</strong></span> <span class='ocrx_word' id='word_1_333' title='bbox 1031 3718 1119 3780; x_wconf 76' lang='lat' dir='ltr'><strong>sesni·</strong></span> 
     </span>
    </p>
   </div>
   <div class='ocr_carea' id='block_1_3' title="bbox 0 0 1214 4050">
    <p class='ocr_par' dir='ltr' id='par_1_4' title="bbox 0 0 1214 4050">
     <span class='ocr_line' id='line_1_43' title="bbox 0 0 1214 4050; baseline 0 0"><span class='ocrx_word' id='word_1_334' title='bbox 0 0 1214 4050; x_wconf 95' lang='lat' dir='ltr'><strong> </strong></span> 
     </span>
    </p>
   </div>
  </div>
 </body>
</html>
