2392 4050
475 195 674 263 neercorr.
1020 195 1086 265 249

46 365 133 443 verb
140 364 336 450 petentibus
347 365 428 429 locis
438 364 710 451 grendeetauox
721 365 962 447 spectaculum:
984 366 1086 448 sequi,

45 452 241 530 vulnerare,
259 469 373 534 capere
394 460 489 532 atque
509 448 650 528 eosdem,
673 448 789 513 oblatis
811 449 892 529 aliis,
915 450 1086 515 trucidare.

46 534 121 603 Jem
135 534 302 612 hostium,
317 542 413 614 prout
426 535 544 615 cuique
559 533 731 618 ingenium
744 541 822 613 eret,
835 544 970 598 eaterme
986 553 1087 598 arma-

47 628 159 681 torum
174 616 392 701 paucioribus
408 625 455 680 ter
518 618 678 699 prestare,
699 615 833 699 qnidam
847 617 987 683 inermes
1001 619 1089 685 ultrb

46 720 153 781 ruere,
178 722 221 766 ac
246 721 283 765 se
305 700 398 765 morti
421 720 441 764 o
465 720 547 765 erre
591 701 716 765 Passim
736 722 827 767 erma
845 713 878 766 et
900 722 1034 787 corpore
1055 714 1089 769 et

46 786 146 850 laoeri
163 796 261 850 ertus
275 795 308 850 et
320 794 455 850 cruenta
476 787 618 851 humus:
640 796 672 848 et
688 784 864 867 aliquunde
882 786 980 853 etiam
993 787 1088 853 victis

46 870 96 933 irs
109 871 307 954 virtusque:
329 880 501 966 postquam
516 870 619 953 sylvis
629 872 938 966 appropinqubmnt,
949 871 1087 953 collecti,

47 956 171 1036 primos
187 965 409 1039 sequentrurn,
424 955 573 1019 incautos
589 967 622 1017 et
635 957 782 1019 locorum
797 974 935 1041 ignaros,
951 957 1089 1023 circum-

48 1039 240 1105 veniebant.
287 1038 390 1109 uutd
404 1039 439 1102 ni
454 1037 606 1121 frequens
621 1038 676 1102 ubi
699 1056 741 1101 ue
752 1041 906 1123 Agricola
917 1041 1043 1106 relidas
1057 1051 1089 1106 et

49 1123 220 1205 expeditus
249 1123 411 1203 cohortes,
436 1123 601 1208 indaginis
623 1142 657 1187 m
700 1141 729 1204 o,
754 1133 795 1201 et,
820 1122 924 1189 sicubi
949 1126 1089 1193 arctiora

49 1218 151 1287 erent,
168 1219 300 1291 purtem
313 1208 470 1291 equitum,
481 1207 623 1271 dimissis
637 1207 739 1290 equis,
759 1207 859 1273 simul
874 1209 1010 1273 rariores
1023 1211 1088 1294 syl·

49 1309 107 1354 vas
115 1294 269 1376 equitem
283 1293 460 1376 persultare
470 1291 628 1373 jussisset,
643 1300 812 1374 acceptum
823 1292 956 1377 aliquod
965 1296 1089 1359 vulnus

50 1392 106 1455 per
131 1378 280 1445 nimiam
300 1377 455 1441 fiduciam
478 1375 567 1441 soret.
627 1379 784 1459 ueterum,
810 1379 867 1453 uhi
894 1377 1088 1462 compositos

51 1458 155 1524 firmis
170 1462 347 1526 ordinibus
361 1460 453 1544 sequi
468 1480 582 1525 rtrrsus
596 1461 718 1542 ridere,
733 1462 768 1524 iu
781 1461 895 1548 fugam
909 1464 1004 1543 versi,
1020 1481 1086 1527 nen

53 1545 255 1627 agminibus,
271 1557 308 1610 ut
322 1547 418 1629 prius,
433 1565 494 1609 nec
518 1545 602 1621 alius
615 1547 719 1610 elium
733 1557 957 1629 respectantes,
977 1547 1042 1610 reri
1056 1556 1089 1610 et

52 1628 228 1695 vitabundi
245 1631 397 1708 invicem,
412 1630 524 1714 longin
547 1649 593 1693 us
612 1640 708 1713 etque
723 1632 799 1694 avie
821 1630 962 1713 petiere..
992 1631 1089 1695 Finis

54 1716 213 1795 sequendi
238 1735 309 1780 nox
331 1722 363 1776 et
385 1715 514 1779 satietas
526 1650 616 1778 quit:
638 1733 722 1777 cese
741 1714 886 1781 hostIum
908 1713 950 1777 ed
976 1712 1089 1780 oseem

54 1798 178 1865 millia:
200 1809 390 1865 nostrorum
413 1797 547 1866 trecenti
576 1797 747 1883 sexaginta
767 1798 931 1862 cecidere:
953 1796 988 1860 in
1014 1796 1088 1879 qum

56 1881 162 1946 Aulus
174 1886 315 1962 Atticus,
331 1883 506 1948 Praeseetus
517 1882 669 1962 cohortis,
681 1881 822 1963 juvenili
837 1881 950 1955 ardore
964 1888 997 1944 et
1010 1878 1090 1949 sere·

57 1963 106 2028 eii
120 1970 199 2051 equi
214 1969 364 2035 hostibus
379 1968 500 2034 illatus.
561 2031 564 2036 .

97 2052 297 2120 XXXVIII.
315 2054 366 2132 ,Et
379 2074 447 2118 nox
460 2053 591 2137 quidem
607 2051 727 2138 gaudio
745 2051 915 2138 predhque
934 2054 1008 2117 lete
1020 2051 1088 2116 vie·

57 2136 197 2203 toribus:
221 2138 372 2203 Britanni
387 2140 541 2221 polentes,
557 2136 725 2221 mixtoque
739 2138 883 2203 virorum
900 2137 1089 2206 mullerem·

57 2235 118 2299 que
132 2224 275 2304 ploratu,
294 2225 421 2290 trahere
436 2225 632 2303 vulneratos,
646 2242 763 2288 vocare
777 2222 928 2311 integros,
942 2222 1088 2292 deserere

59 2301 169 2369 domos
185 2329 225 2374 ec
246 2326 303 2391 per
326 2307 409 2372 iram
429 2309 515 2373 uitrb
541 2308 733 2374 incendere:
755 2309 874 2405 eligere
898 2309 1035 2374 latebras
1055 2317 1089 2372 et
1114 2313 1120 2322 '

58 2390 164 2456 stetim
178 2395 382 2477 relinquere:
404 2392 540 2459 miscere
561 2393 705 2458 invicem
725 2393 863 2458 consilia
876 2392 996 2476 alique,
1011 2391 1088 2458 dein

60 2487 224 2554 separare:
258 2478 434 2562 aliquando
455 2476 561 2565 {rongi
587 2487 719 2561 aspectu
743 2477 918 2563 pignorum
942 2495 1087 2559 suerum,

61 2559 176 2639 sepius
191 2563 368 2630 concitari:
390 2563 529 2647 satisque
543 2563 720 2643 constabat,
739 2564 868 2630 serime
880 2562 1039 2648 quosdam
1053 2562 1088 2627 in

60 2642 215 2733 conjuges
230 2668 268 2712 ee
283 2649 409 2727 liberos,
421 2658 576 2731 tauquam
589 2649 826 2715 misererentur.
867 2685 872 2692 ·
949 2689 953 2702 ‹

102 2727 278 2799 Proximus
301 2731 370 2797 dies
384 2732 501 2797 sociem
515 2732 658 2798 victorie
682 2733 776 2797 latius
791 2733 935 2817 speruit:
956 2744 1088 2800 vastum

62 2808 180 2895 ubique
199 2817 377 2895 silentium,
399 2818 515 2883 secreti
538 2820 650 2897 calles,
675 2818 835 2886 iumentis
856 2818 967 2902 procul
992 2828 1088 2898 tecta,

63 2906 156 2987 nemo
170 2902 429 2987 exploratoribus
451 2904 587 2968 obvius:
610 2903 728 2985 quibus
750 2904 785 2968 in
808 2922 940 2969 omnem
964 2912 1088 2986 portem

63 2972 210 3070 dimissis,
224 2987 281 3052 ubi
300 2988 424 3053 incerte
448 2988 532 3075 fuge
548 2988 694 3072 vestigia,
718 3005 824 3070 neque
847 3005 989 3068 usqusur
1011 3003 1088 3052 con·

64 3062 184 3141 globati
200 3073 307 3136 hostes
332 3082 601 3155 compertumet
621 3072 740 3135 exenta
757 3070 826 3152 jam
847 3079 957 3135 testate
978 3092 995 3134 s
1017 3070 1088 3168 argi

65 3140 184 3242 bellurn
199 3158 367 3240 nequibam
390 3158 424 3222 in
437 3156 519 3222 fines
531 3155 966 3224 Horestorurnexercitumd
1009 3165 1086 3222 ucrt

64 3222 111 3292 lbr
125 3243 265 3324 ecceptIs
278 3242 453 3321 obsidibus,
475 3241 626 3325 prefecto
646 3241 758 3306 classis
781 3241 1001 3308 ‘circumvehi
1017 3241 1089 3306 Bri·

65 3318 215 3390 ueniens
230 3328 389 3410 precepit
434 3328 526 3395 Detae
541 3326 583 3390 ed
598 3325 632 3390 id
647 3325 743 3406 vires,
757 3337 789 3391 et
802 3337 1007 3409 precesserat
1029 3336 1088 3393 ter·

66 3411 124 3465 ror.
166 3409 237 3492 Ipse
251 3411 392 3496 peditem
406 3421 501 3495 atque
515 3412 748 3495 equiteslento
770 3411 894 3492 itinere,
908 3412 974 3496 qud
989 3430 1088 3478 ners-

69 3495 138 3551 111111
158 3497 305 3576 gentium
327 3496 427 3560 animi
447 3498 518 3581 ipsi
539 3497 688 3564 transitis
709 3496 800 3562 mori
822 3507 1027 3573 terrerentur,
1051 3495 1088 3557 in

69 3560 216 3655 hybernis
229 3582 357 3647 locavit.
401 3581 447 3646 Et
460 3582 558 3649 simul
572 3583 685 3648 classis
695 3579 841 3648 secundi
852 3587 1037 3666 tempestate
1048 3594 1088 3640 ee
