2392 4050
115 143 158 208 76
470 144 508 209 0.
524 145 635 211 Coun.
651 143 789 210 Trcrrr
832 137 835 144 ’
936 141 988 230 [Α.
1003 143 1046 209 U.
1064 144 1140 209 822.

113 315 286 399 parabant:
307 335 477 400 nunquam
491 315 536 381 ita
549 316 591 382 ad
612 336 706 383 curas
728 315 853 382 intento
868 314 1010 399 Vitellio,
1024 325 1063 382 ut
1084 334 1140 379 ve

114 403 277 485 luptatum
291 401 541 467 oblivisceretur.

158 488 312 554 LXVlll.
335 487 380 551 Et
393 486 526 570 quidem
544 498 649 585 partes
662 487 803 553 modeste
817 485 1028 553 distraxerat:
1051 484 1138 571 apud

114 572 253 637 victores
267 584 338 639 orta
351 571 475 653 seditio,
488 572 615 638 ludicre
626 574 729 655 initio,
740 573 803 638 nisi
814 592 970 638 numerus
981 592 1140 638 cesorum

114 658 273 724 invidiam
293 659 378 724 bello
403 659 556 723 auxisset.
600 659 817 725 Diaeubuerat
841 659 992 724 Vitellius
1016 658 1139 736 Ticini,

115 742 258 809 adhibito
273 745 314 808 ad
328 745 441 828 epulas
452 744 616 832 Verginia.
659 744 774 830 Legati
786 744 1002 826 Tribunique,
1015 765 1059 809 ex
1075 764 1140 808 mo·

114 831 203 895 ribus
218 831 460 914 Imperatorum,
480 830 683 896 severitatem
703 831 906 910 aemulantur,
929 832 983 896 vel
1006 841 1140 913 tempes

113 914 190 980 tivis
200 913 361 980 conviviis
398 914 538 980 audent:
560 914 695 998 perinde
709 915 1140 996 milesintentus,autlieen·

113 1000 251 1097 tetegit.
294 936 398 1084 Apud
413 1000 581 1067 Vitellium
601 1001 710 1066 omnia
732 999 929 1084 indisposita,
950 1001 1139 1080 temulenta,

112 1085 294 1171 pervigiliis
308 1106 347 1150 ae
361 1086 632 1168 Baoehanalibus,
646 1087 746 1170 quim
767 1085 947 1169 disciplinae
969 1097 1001 1150 et
1016 1085 1139 1166 castris,

111 1170 271 1255 propiora.
316 1172 420 1267 lgitur
433 1172 561 1237 dnobus
572 1173 739 1247 militibus,
750 1173 849 1236 altere
860 1171 996 1259 legionis
1006 1173 1138 1256 quinte,

111 1257 213 1322 altere
226 1277 246 1321 e
260 1258 367 1323 Gallis
388 1257 612 1338 auxiliaribus,
635 1276 693 1341 per
714 1257 890 1339 lasciviam,
912 1257 953 1321 ad
974 1268 1138 1322 certamen

111 1342 257 1407 luctandi
271 1342 426 1424 accensis,
441 1352 614 1428 postquam
628 1343 826 1430 legionarius
839 1342 1029 1426 prociderat,
1040 1342 1140 1407 insul·

21 1463 30 1476 ν
111 1438 198 1494 tante
213 1430 319 1509 Gallo,
341 1440 374 1493 et
395 1430 444 1512 iis,
466 1426 525 1513 qui
548 1429 590 1493 ad
609 1428 823 1513 spectandum
847 1438 1080 1508 convenerant,
1106 1430 1138 1492 in

110 1514 218 1580 studia
231 1513 394 1597 diductis3
417 1515 552 1599 erupere
567 1515 736 1602 legionarii
753 1514 789 1578 in
804 1514 980 1597 perniciem
1002 1515 1140 1579 auxilia

110 1619 194 1683 rum,
208 1621 246 1665 ac
268 1601 343 1666 duae
367 1601 514 1665 cohortes
537 1600 720 1666 interfecte.
763 1598 957 1663 Remedium
979 1600 1139 1664 tumultis

109 1684 172 1751 fuit
187 1686 270 1751 alius
284 1687 463 1751 tumultus:
485 1686 595 1771 pulvis
609 1687 724 1769 procul
739 1696 771 1752 et
781 1705 871 1750 arma
881 1685 1138 1782 aspiciebantur;

110 1772 350 1837 conclamatum
361 1777 503 1857 repente,
521 1769 846 1857 ‘quartamdecimam
861 1772 1032 1856 legionem,
1044 1790 1137 1836 verso

109 1858 232 1937 itinere,
247 1859 288 1924 ad
299 1859 447 1943 praelium
462 1857 571 1926 venire
585 1861 602 1923 :’
625 1856 682 1928 sed
696 1867 786 1922 eraut
800 1854 939 1943 agminis
953 1867 1137 1920 coactores:

110 1945 211 2032 agniti
233 1942 378 2010 demsere
403 1943 654 2011 solicitudinem.
698 1941 833 2007 Interim
854 1940 999 2030 Verginii
1023 1958 1138 2005 servm

109 2030 190 2096 sorte
203 2031 329 2112 obvius,
339 2041 377 2094 ut
392 2036 577 2126 ‘percussor
591 2030 722 2096 Vitellii'
734 2028 960 2093 insimulatur:
981 2029 1138 2093 struebat

110 2116 151 2180 ad
165 2115 356 2181 convivium
377 2116 480 2194 miles,
504 2123 655 2181 ‘mortem
678 2112 832 2199 Verginii'
854 2132 1041 2197 exposcens.
1089 2114 1137 2179 Ne

109 2200 260 2266 Vitellius
273 2200 415 2282 quidem,
429 2218 619 2283 quanquam
642 2200 684 2264 ad
702 2217 815 2265 omnes
829 2199 1029 2282 suspiciones
1049 2198 1137 2282 pavi-
1179 2244 1180 2247 ,

109 2286 180 2366 dus,
205 2285 244 2351 de
267 2285 451 2350 innooentia
470 2284 542 2368 ejus
555 2286 737 2351 dubitavit:
759 2285 843 2371 agre
865 2296 974 2349 nmen
989 2283 1137 2364 cohibiti,
1179 2286 1180 2289 ’

108 2372 166 2455 qui
179 2370 317 2438 exitium
330 2370 393 2435 viri
409 2370 608 2452 Consularis,
623 2382 654 2437 et
667 2369 833 2456 quondam
851 2368 955 2435 Ducis
969 2369 1032 2452 sui,
1046 2369 1135 2455 flagi-

108 2459 228 2523 tabant.
272 2457 341 2524 Nee
355 2475 542 2541 quenquam
555 2457 680 2541 saepius,
695 2458 795 2540 quam
811 2455 1012 2540 Verginium,
1028 2455 1136 2520 omnis

107 2543 220 2608 seditio
242 2542 426 2608 infestavit:
448 2544 599 2625 manebat
621 2541 791 2611 adnutatie
810 2540 873 2608 viri
895 2551 927 2605 et
947 2539 1056 2607 lama:
1080 2538 1134 2606 scd

108 2627 304 2707 oderanant
317 2627 459 2693 fastiditi.
907 2667 910 2673 -
992 2671 996 2677 -

150 2715 277 2781 LXIX.
300 2715 433 2778 Postero
446 2713 507 2793 die,
523 2713 686 2793 Vitellius,
700 2713 828 2779 senecta
847 2711 1019 2798 legatione,
1033 2730 1133 2796 quam

106 2801 150 2865 ibi
164 2798 303 2885 opperiri
314 2798 462 2881 iusserat,
484 2798 603 2882 audite,
618 2809 838 2885 transgressus
852 2797 888 2862 in
913 2809 1026 2878 castra,
1047 2797 1133 2861 ultrd

107 2885 274 2970 ‘pietatem
283 2885 432 2951 militum’
443 2885 658 2951 collaudavit:
673 2884 882 2950 frementibus
896 2883 1039 2963 auxiliis,
1051 2889 1133 2947 ‘tau-

106 2981 177 3036 tum
200 2971 399 3056 impunitatis
421 2985 517 3055 atque
532 2969 721 3069 arrogantiae
741 2966 925 3056 legionariis
941 2969 1131 3034 accessisse!

107 3057 263 3122 Cohortes
277 3059 484 3140 Batavorum,
506 3076 549 3121 ne
562 3055 643 3141 quid
666 3055 884 3122 truculentius
906 3053 1071 3134 auderent,
1098 3054 1130 3118 in

18 3180 19 3187 .
106 3143 316 3209 Germaniam
329 3144 488 3226 remissae3
511 3141 710 3226 principium
731 3141 858 3207 interno
872 3140 969 3204 simul
985 3151 1130 3206 externo-

104 3249 168 3312 que
183 3228 267 3294 bello
281 3228 469 3312 parantibus
484 3228 567 3293 satis.
612 3226 750 3292 Reddita
762 3226 948 3291 civitatibus
959 3226 1131 3289 Gallorum

105 3313 237 3395 auxilia,
251 3313 369 3400 ingens
386 3332 552 3392 numerus,
567 3323 599 3376 et
613 3312 718 3396 prima
733 3312 840 3377 statim
855 3309 1032 3376 desectione
1048 3310 1129 3373 inter

103 3399 215 3464 inania
227 3400 302 3463 belli
318 3410 487 3463 assumtus.
532 3399 691 3477 Ceterum,
709 3408 746 3463 ut
767 3395 993 3482 largitionibus
1009 3394 1128 3461 affecta
1177 3418 1178 3427 ¹

100 3482 171 3563 jam
184 3483 314 3564 Imperii
326 3500 402 3563 opes
413 3482 605 3561 sufficerent,
622 3482 799 3565 ‘amputari
813 3482 979 3566 legionum
990 3478 1125 3545 atrxilie-

102 3585 240 3648 rumque
254 3565 415 3633 numeros'
433 3564 534 3645 jubet,
550 3566 657 3632 vetitis
673 3566 929 3650 supplementis:
952 3576 984 3630 et
998 3566 1128 3650 premis

103 3668 172 3712 cue
197 3649 365 3715 nnssionas
388 3650 613 3715 efferebantur.
657 3650 835 3718 Exitiabile
859 3649 893 3716 id
920 3650 1127 3739 Reipublicae,
