2392 4050
42 186 79 250 A.
96 182 132 250 O.
149 183 214 272 69.]
348 128 789 280 iihabasserilla'arms.
1013 189 1055 255 95

43 357 147 437 seruit,
163 357 230 422 huc
245 354 324 422 illuc
338 348 500 423 tracturus
514 358 783 442 interpretatione,
804 372 901 445 prout
913 357 1058 428 condux·

41 442 122 524 issit;
156 443 262 526 aperte*
288 442 490 508 descendisse
516 445 552 508 iu
575 463 707 509 causam
734 444 923 511 videbatur:
953 446 1057 530 eoque

40 529 153 615 gratior
169 529 326 593 militibus
340 539 417 610 erat,
432 532 536 612 culpae
550 531 604 594 vel
642 529 730 593 loriae
744 530 863 595 socius.

79 615 133 679 lv.
165 614 320 678 Proxima
340 615 481 679 Cornelii
505 615 604 678 Fusci
651 616 844 680 rocuratoris
861 618 1055 683 auctoritas:

24 697 217 787 aquaque,
239 699 449 764 inclementer
465 700 500 764 iu
514 699 683 764 Vitellium
698 700 809 765 invehi
824 702 947 785 solitus,
971 702 1056 769 nihil

40 784 102 866 spei
116 785 179 849 sibi
195 786 279 848 inter
289 785 423 850 adversa
434 786 616 868 reliquerat.
661 785 703 850 T.
717 787 854 872 Ampius
866 788 1057 871 Flavianus,

40 871 205 939 naturbac
226 871 356 935 senectia
378 880 554 951 cunctator,
576 871 776 954 suspiciones
798 872 941 938 militum
955 875 1057 940 irrita·

40 955 97 1035 bat,
107 968 264 1040 tanquam
274 956 436 1020 affinitatis
446 956 662 1023 curnVitallio
670 958 880 1023 meminisset:
895 959 1054 1044 idemque,
1172 1029 1174 1034 ,

39 1042 130 1123 qoud,
146 1052 309 1125 ereptante
320 1042 485 1129 legionum
500 1054 599 1121 motu,
613 1041 706 1125 profu
755 1063 780 1121 s,
795 1043 868 1107 dein
885 1057 997 1129 sponte
1008 1066 1056 1110 rc-

38 1063 848 1229 meaveratperlidiaelocumquaesisseoretii'batur.
888 1127 973 1196 Nam
982 1133 1057 1197 Fla·

40 1214 180 1293 naniam,
202 1213 321 1277 omissa
337 1214 515 1292 Pannonia,
537 1212 720 1299 ingressum
738 1214 874 1295 Italiam,
897 1217 1053 1282 etdiscr'·

41 1298 114 1362 mini
129 1308 307 1377 exemtum,
322 1318 430 1363 rerum
443 1318 604 1362 novarum
619 1298 737 1382 cupido
752 1299 867 1384 Legati
878 1320 996 1367 nomeu
1007 1323 1055 1367 re·
1089 1324 1094 1337 ¹

41 1404 172 1463 sumere,
195 1396 227 1448 et
244 1383 369 1448 misceri
385 1384 540 1448 civilibus
560 1387 665 1464 armis,
689 1385 876 1468 impulerat:
899 1387 1055 1453 suadente
1171 1430 1173 1443 ·

43 1470 191 1534 Cornelio
206 1471 333 1551 Fusc03
355 1488 431 1549 uon,
446 1469 524 1556 quia
534 1469 691 1535 industria
702 1470 852 1536 Flaviani
864 1475 984 1560 egebat,
997 1474 1056 1539 sed

42 1567 75 1617 ut
91 1556 272 1620 Consulare
292 1574 408 1619 nomen
428 1556 636 1640 surgentibus
654 1561 728 1621 crim
748 1557 887 1624 maxime
911 1556 1055 1643 partibus

43 1638 171 1706 naneae
187 1642 292 1724 specie
307 1640 561 1732 protenderetur.
1107 1702 1110 1706 Δ

40 1726 118 1797 vidi.
141 1727 298 1806 Ceterum,
314 1735 350 1788 at
364 1727 579 1790 transmittere
593 1726 627 1789 in
642 1726 771 1791 ltaliam
785 1727 918 1812 impube
933 1740 964 1794 et
978 1729 1054 1796 usui

44 1808 126 1890 foret,
140 1813 298 1896 scriptum
312 1812 439 1894 Aponio
454 1811 640 1890 Saturnino,
657 1819 752 1875 ‘eum
765 1814 907 1878 exercitu
920 1815 1054 1881 Moesico

42 1896 208 1960 celeraret!
251 1897 309 1975 Ac,
325 1916 366 1959 ne
380 1896 517 1960 inermes
532 1898 707 1980 provinciae
719 1894 860 1961 barbaris
871 1898 1055 1964 nationibus

44 1991 285 2065 exponerentur,
296 1981 460 2066 Principes
469 1982 674 2047 Samatarum
684 1983 855 2070 Jazygum‚
866 2002 963 2069 penca
973 2004 1055 2069 quos

44 2066 177 2132 civitatis
191 2069 345 2153 regimen,
367 2067 400 2130 in
422 2067 649 2133 commilitium
670 2068 779 2151 asciti;
804 2071 956 2153 ‘plebem’
976 2090 1055 2154 quo-

46 2172 111 2235 que,
125 2163 177 2218 ‘et
193 2155 260 2219 rim
273 2154 435 2237 equitum’
449 2152 514 2235 qud
525 2153 594 2217 soli
607 2155 724 2233 valent,
736 2154 925 2222 offerebant:
947 2159 1056 2222 remis·

46 2257 112 2303 sum
122 2239 158 2303 id
168 2258 296 2318 munus,
309 2257 350 2303 ue
361 2238 442 2302 inter
453 2238 630 2303 discordias
640 2250 774 2303 exterae
782 2241 980 2321 molirentur,
988 2254 1054 2323 aut,

47 2324 159 2405 majore
180 2345 222 2388 ex
239 2324 367 2388 diverso
389 2323 544 2403 mercede,
563 2323 618 2405 jus
635 2323 746 2407 sasque
765 2339 928 2392 exuerent
972 2328 1055 2393 Tra·

47 2405 165 2475 huutrir
185 2409 221 2473 in
240 2420 344 2493 partes
364 2408 442 2473 Sido
460 2421 554 2491 atque
570 2410 711 2489 Italicus,
732 2410 838 2495 Reges
860 2412 1063 2499 Suanorum,

45 2496 110 2576 quis
123 2506 217 2560 retus
231 2496 419 2578 obsequium
435 2513 514 2581 erga
527 2491 710 2577 Romanos3
732 2505 765 2559 et
778 2517 857 2582 gens
880 2498 955 2563 fidei
970 2518 1056 2563 cour·

47 2581 147 2645 missae
163 2580 350 2664 patientior:
370 2579 474 2662 posita
487 2580 522 2644 in'
536 2581 622 2644 latas
636 2580 769 2662 auxilia,
791 2582 906 2646 infesta
919 2584 1055 2666 Rhatia,

46 2667 95 2729 oui
110 2666 237 2732 Portius
252 2664 451 2763 Sqntiminus
466 2667 659 2730 Procurator
672 2679 748 2748 erat,
771 2667 965 2752 incorruptae
978 2690 1056 2757 erga

48 2750 207 2817 Vitellium
221 2752 306 2816 fider.
349 2751 453 2836 igitur
463 2751 621 2825 Sextilius,
630 2753 735 2834 Felix,
750 2753 888 2819 cumali
902 2756 1055 2838 auriana,

47 2848 75 2900 et
88 2849 157 2902 octo
171 2837 356 2902 cohortibus
370 2856 409 2901 ac
425 2836 620 2906 Noricorum
637 2836 818 2918 juventute,
840 2840 881 2903 ad
895 2859 1056 2925 occupan-

45 2915 117 2986 'dam
130 2924 233 3007 ripam
245 2921 322 2988 AEni
338 2920 490 3003 fluminis,
504 2921 592 3005 quod
605 2923 736 2987 Rhartos
748 2924 945 3007 Noricosque
960 2926 1056 2990 iuter·

47 3005 120 3098 fluit,
136 3010 270 3073 missus:
293 3027 363 3086 nec,
385 3007 436 3070 iris
450 3008 587 3072 catillis
607 3009 756 3092 praelium
770 3010 975 3091 tentantibus,
995 3011 1056 3078 sor·

48 3093 329 3178 tuuapartiumal‘
357 3091 409 3154 ’r
453 3113 506 3158 sac
832 3121 835 3127 ·

88 3180 141 3243 vl.
155 3165 306 3259 Antonio,
316 3197 390 3242 vern
485 3200 501 3242 s
533 3178 819 3263 *cohortibusetpa
949 3182 1057 3251 altum

50 3261 88 3325 ad
98 3263 310 3345 invadendam
320 3263 448 3328 ltaliam
461 3263 607 3348 rapienti,
622 3275 729 3329 comes
739 3264 844 3329 fuitA
862 3265 929 3331 rius
970 3290 1055 3353 arus,
1172 3311 1173 3320 κ

51 3359 191 3417 strenuas
207 3351 311 3414 bello:
333 3368 431 3432 quam
450 3349 588 3437 gloriam
608 3360 641 3413 et
660 3351 739 3415 Dux
757 3352 899 3415 Corbulo
920 3363 953 3417 et
968 3374 1056 3439 pros-
1161 3429 1163 3434 ¹

52 3450 130 3514 pere
146 3435 180 3500 in
200 3434 352 3500 Armenia
370 3454 418 3498 res
434 3434 636 3514 addiderant.
680 3437 780 3517 Idem,
803 3438 947 3501 ‘secretis
968 3442 1056 3523 apud

55 3517 205 3586 Neronem
219 3520 419 3600 rumoribus,’
433 3515 609 3601 ferebatur,
621 3521 833 3588 ‘Corbulonis
847 3520 984 3588 virtutes
995 3521 1065 3595 aar
1172 3605 1173 3614 ἵ

55 3605 203 3670 minatus!
255 3605 359 3686 Unde,
382 3605 496 3670 infami
519 3606 621 3694 gratia
643 3607 784 3689 primum
805 3607 910 3688 pilum
930 3608 1055 3688 adepto,
1172 3675 1173 3684 χ

55 3686 122 3755 luta
137 3692 335 3777 adpraesens
352 3692 435 3757 ruald
456 3702 555 3775 parta,
581 3709 658 3755 mox
676 3691 711 3756 in
729 3689 904 3775 perniciem
921 3692 1056 3774 vertere.
1090 3717 1093 3727 ¹
1172 3737 1174 3784 ss
