2392 4050
111 144 177 213 aet
449 143 486 212 0.
502 146 612 214 caan.
628 144 792 214 'I'ncrnur

112 331 145 386 et
157 316 282 386 validos
296 316 377 383 ialsb
396 318 560 403 quiescas,
584 318 641 384 ubi
661 339 761 386 manu
784 320 897 409 agitur,
912 319 1061 386 modestia
1077 336 1110 385 ae

112 407 251 494 probitas
274 404 406 470 nomina
428 404 602 488 superioria
629 416 715 469 aunt.
759 406 815 488 Ita,
843 404 900 489 qui
928 407 1003 472 olim
1027 405 1110 470 ‘boni

113 491 262 577 aequique
289 490 464 569 Cherusci,’
491 508 581 554 nnnc
596 488 732 556 ‘inertes
760 511 798 555 ao
826 491 924 556 stulti'
947 505 1111 556 vocantur:

114 578 216 645 Cattis
242 575 416 641 victoribus
444 575 572 640 fortuna
596 575 631 639 in
654 576 845 659 sapientiam
864 577 966 641 cessit.
1007 575 1111 642 Tracti

57 682 62 692 '
111 664 210 731 ruini
224 662 463 726 Cheruscorum
473 669 506 723 et
517 657 603 740 Fosi,
614 662 812 726 contermina
820 683 909 745 gena,
921 663 1114 727 adversnmm

114 768 224 817 rerum
236 765 278 813 ex
292 766 384 830 aequo
398 745 487 826 socii,
502 748 576 810 crim
589 746 624 809 in
639 747 789 812 secundm
803 749 943 812 minores
959 748 1096 813 fuissent

159 832 330 904 XXXVII.
353 829 507 895 Eundem
522 832 707 896 Germaniae
721 832 830 897 sinum
844 834 982 916 proximi
994 836 1115 899 Oeeuno

33 905 55 940 '⁴
64 955 82 976 w
116 919 239 987 Cimbri
253 926 370 996 tenent,
382 935 483 1000 parva
496 935 586 981 nune
599 915 722 998 civitas,
738 917 793 981 sed
807 919 910 1004 glorii
925 920 1056 1007 ingens3
1070 937 1115 982 ve·

57 1041 64 1062 t
114 1005 252 1088 terisque
266 1001 357 1074 sama
379 1004 444 1068 late
464 1001 601 1089 vestigia
621 1013 761 1083 manent,
775 1004 912 1088 utrique
933 1006 1002 1089 ripi
1024 1015 1117 1068 cerua

113 1110 152 1157 ne
166 1087 278 1174 spatia,
291 1106 432 1172 quorum
445 1088 573 1153 ambitu
593 1105 683 1153 nune
705 1107 832 1172 quoque
853 1091 993 1154 metiaris
1008 1089 1117 1154 molem

113 1192 293 1258 mannaque
312 1174 426 1260 gentis,
439 1182 473 1236 et
494 1183 562 1237 tam
582 1174 692 1259 magui
712 1174 817 1239 exitiis
837 1174 944 1239 Iidem.
986 1176 1118 1240 Sexcen-

114 1263 265 1329 teatinum
276 1268 309 1322 et
327 1258 611 1345 quadragesimum
632 1278 755 1323 annum
777 1261 854 1324 urbs
875 1270 982 1325 nostra
1002 1261 1117 1348 egebat,

114 1350 189 1414 olam
202 1345 339 1431 prinnini
355 1344 559 1409 Cimbrorum
573 1344 684 1412 audita
704 1355 780 1410 sunt
800 1365 897 1425 arma,
914 1345 1045 1410 Caecilio
1062 1346 1119 1410 Me

111 1433 189 1499 tello
203 1450 241 1495 ae
255 1427 385 1512 Papirio
400 1430 546 1504 Carbone
560 1430 757 1494 comnlibua.
801 1431 856 1495 Ex
874 1450 939 1514 quo
953 1431 980 1493 si
993 1431 1038 1495 ad
1052 1432 1119 1495 alte-

112 1538 188 1586 rurn
209 1514 412 1598 Imperatoris
428 1514 564 1596 Trajeni
586 1516 800 1580 Consulatum
814 1526 1049 1599 computemus,
1069 1516 1119 1580 dn·

112 1603 197 1673 eenti
219 1600 319 1666 Ianne
339 1610 372 1664 et
393 1599 506 1666 decern
528 1600 606 1670 anni
630 1601 838 1687 colliguntur.
881 1601 1026 1666 Tamdiu
1050 1604 1121 1667 Ger·

38 1698 44 1706 '
111 1690 222 1764 menia
235 1685 386 1753 vlnaitur.
430 1685 538 1751 Medio
557 1696 622 1750 tam
642 1686 731 1771 longi
750 1687 814 1751 aevi
829 1685 939 1772 spatio,
961 1689 1067 1751 multa
1079 1687 1121 1751 in·

111 1778 219 1842 vicem
241 1772 378 1839 demna:
400 1789 464 1838 non
489 1771 630 1853 Samnis,
653 1790 719 1836 non
745 1773 848 1853 Poeni,
869 1790 935 1837 non
961 1772 1120 1856 Hispania

112 1863 282 1939 Galliave,
304 1877 346 1924 na
361 1857 471 1921 Parthi
492 1856 624 1939 quidem
644 1858 757 1940 saepiba
771 1858 984 1923 admonuere:
1006 1859 1120 1943 quippe

110 1946 226 2036 Regno
250 1942 380 2009 Arsacia
400 1944 502 2008 aerim
521 1952 568 2005 est
592 1944 829 2008 Germanorum
849 1944 987 2008 libertas.
1033 1941 1121 2015 Quin

110 2033 202 2098 enim
223 2030 311 2094 aliud
334 2029 438 2108 nobie,
458 2028 558 2177 guitur
578 2029 701 2093 eaedem
727 2029 843 2110 Crassi,
865 2032 981 2093 amisso
1000 2041 1035 2092 et
1057 2030 1121 2113 ipae

110 2120 242 2195 Pacoro,
265 2114 348 2179 iniri
362 2114 457 2179 Venti
481 2114 550 2179 inm
568 2113 710 2196 dejectus
730 2115 845 2180 Oriens
865 2114 1040 2196 objecerint
1082 2117 1122 2180 Aa

112 2201 277 2281 Germani,
300 2201 446 2265 Carbone
461 2212 492 2263 et
508 2201 619 2265 Cassio
633 2212 664 2264 et
683 2201 804 2266 Scauro
823 2201 957 2266 Aurelia
970 2210 1002 2264 et
1018 2201 1122 2266 Servi·

110 2288 157 2357 lio
173 2286 334 2371 Caepione,
358 2287 418 2350 Cn.
433 2304 560 2368 quoque
583 2285 706 2351 Manlio
720 2284 810 2367 lusis,
831 2288 883 2351 val
900 2285 1009 2369 captis,
1032 2286 1121 2369 quire

110 2394 174 2462 que
188 2374 288 2438 simul
304 2373 498 2437 Consulares
512 2373 672 2435 exereitus
687 2372 811 2455 Populo
823 2371 976 2452 Romano,
991 2371 1121 2452 Varum,

100 2475 237 2544 ,tresque
251 2478 327 2522 eum
341 2476 379 2521 eo
395 2457 547 2544 legiones,
568 2457 664 2522 etiam
680 2457 799 2522 Oaeaari
819 2458 1041 2522 abstulerunt:
1064 2476 1122 2521 uae

111 2545 245 2630 impune
265 2546 301 2608 Ο.
317 2542 440 2607 Marius
455 2541 490 2606 in
505 2542 607 2624 ltalia,
630 2543 671 2607 D.
686 2541 793 2607 Julius
807 2540 839 2607 in
856 2543 972 2624 Gallia,
994 2542 1122 2607 Drusus

110 2652 150 2698 ae
173 2629 258 2694 Nero
271 2639 303 2691 et
317 2629 532 2691 Germanicus
546 2627 580 2691 in
602 2627 671 2692 suia
689 2647 743 2692 eos
757 2627 885 2692 sedibus
907 2629 1121 2711 perculerunt

111 2715 348 2800 Meningentes
360 2711 695 2779 ooaemnsmmaeiu
709 2713 883 2777 ludibrium
895 2733 1004 2777 versae.
1044 2713 1121 2777 Inde

111 2804 223 2881 otium,
245 2799 348 2864 donee
361 2798 530 2863 occasione
547 2797 714 2864 discordiae
735 2809 851 2863 nostrae
864 2808 895 2863 et
909 2799 1059 2863 civilium
1077 2818 1122 2862 ar·

111 2908 248 2967 morum,
263 2884 455 2975 expugnatis
471 2884 637 2970 legionum
651 2883 811 2968 hybernis,
830 2885 924 2948 etiarn
940 2884 1068 2949 Gallius
1081 2883 1122 2948 af·
1174 2908 1175 2959 l

111 2974 290 3043 iactavere:
313 2990 351 3034 ae
367 2989 477 3037 rursus
492 2970 577 3052 pulsi
592 2969 677 3050 inde,
693 2970 844 3054 proximis
859 2969 1058 3055 temporibus
1071 2969 1122 3034 tri·
1174 2976 1175 3045 ξ

110 3059 257 3145 umphati
271 3056 372 3140 magis
386 3063 484 3139 quem
498 3054 575 3120 vieti
589 3066 674 3119 sunt.

152 3143 350 3213 XXXVIII.
373 3142 471 3206 Nune
496 3141 536 3204 de
558 3140 675 3206 Sueris
697 3139 870 3207 dicendum
898 3150 954 3223 est,
982 3158 1121 3225 quornm

110 3250 177 3299 non
199 3249 275 3309 una,
290 3238 327 3293 ut
350 3229 516 3291 Oattorum
542 3226 823 3305 Tencterorumve,
848 3246 946 3313 gens:
968 3226 1120 3308 majorem

110 3318 200 3382 anim
215 3312 396 3377 Germaniae
411 3324 534 3395 partem
548 3312 706 3392 obtinent,
717 3311 851 3394 propriis
864 3312 970 3378 adhue
985 3310 1120 3377 nationi·

109 3405 171 3469 bus
185 3397 431 3478 nominibusque
446 3395 583 3479 disereti,
595 3415 780 3479 quanquam
791 3396 823 3459 in
835 3416 1004 3462 commune
1014 3396 1119 3463 Saevi

109 3494 274 3553 venentur.
310 3479 440 3565 Insigne
455 3482 559 3566 gentis
573 3482 736 3566 obliquare
751 3482 873 3545 ariaem
887 3482 1033 3567 nodoque
1047 3483 1119 3546 aub-

111 3568 275 3655 atringere.
318 3564 374 3629 Sie
386 3565 489 3629 Suari
504 3566 649 3631 aeeteris
672 3568 915 3646 Germaniano
938 3569 1118 3635 Suevornm

110 3652 245 3742 ingenui
259 3671 280 3715 a
292 3649 400 3726 earnis,
415 3659 613 3734 separantur.
656 3652 696 3717 In
711 3652 782 3717 aliia
796 3652 952 3740 gentibus,
966 3672 1023 3719 sen
1046 3671 1119 3739 eog-
