2392 4050
126 156 188 223 1³8
477 160 515 225 G.
531 159 642 226 Corn
658 155 802 225 'I'acrrr
940 154 989 247 [L
1001 153 1108 225 lim

121 329 211 394 ntus
225 330 359 395 ooiooiio
372 329 556 415 impunita.
598 333 720 416 capue
744 331 828 419 legio
850 333 944 397 tertia
962 326 1109 414 hyemandi

124 415 224 481 most
244 418 378 497 locatur,
401 429 435 481 et
454 416 571 482 mmor
594 418 735 482 illustras
763 418 911 500 afflicte3
933 420 1006 481 cium
1025 414 1111 480 contri

125 501 486 567 Tarracinenscsnulli
508 522 568 588 ope
588 502 792 585 juvarentur.
834 502 944 567 Tanto
965 501 1111 587 proclivior

123 586 323 670 estinjurioe,
336 590 435 672 quim
447 588 614 667 beneficio,
625 590 732 653 mm
741 590 927 653 exsolvere:
950 584 1112 673 qniagratir

123 674 494 758 oncri,nlnoinqaaesa1
505 673 650 740 habetor.
673 669 1113 757 Solatiofuitservusierginii

126 758 302 841 Capitonis,
329 779 427 842 quom
454 758 648 842 proditorem
671 760 963 826 Tarracinensium
988 758 1111 833 animus

182 844 268 910 'bulo
280 843 408 922 affixus,
422 843 457 907 iu
471 843 586 910 iisdem
601 845 742 926 annulis,
754 865 837 928 quos
851 857 997 930 acceptos
1009 865 1029 907 a
1040 842 1114 908 titel·

123 855 190 993 sion
313 940 336 993 t
378 929 545 995 atuome
554 932 695 996 amam
705 941 824 998 cuncta
834 926 1114 1014 Principibussoliu

125 1013 322 1098 Vespasiano
343 1013 495 1095 decernit,
514 1018 606 1083 letus
619 1027 652 1080 et
672 1016 740 1104 spei
758 1027 885 1081 cartus:
906 1019 961 1101 qo'
1035 1023 1116 1079 sunu

124 1117 182 1182 per
196 1099 323 1164 Gallias
336 1100 573 1186 Hispaniasque
586 1102 699 1166 civilia
718 1121 816 1180 arma,
841 1105 936 1167 moos
1018 1100 1118 1164 bellan

124 1185 306 1267 Germanis,
328 1205 406 1251 mox
424 1186 565 1270 Illyrico,
586 1198 757 1271 postquam
771 1188 963 1273 Egyptnm,
987 1185 1117 1263 Jadaeao,

124 1270 325 1355 Syriamque,
346 1282 379 1335 ct
399 1291 512 1336 omnes
531 1272 715 1357 provincias
739 1275 963 1357 nesciamque
986 1274 1118 1336 lustrare

124 1367 206 1436 rant,
225 1358 318 1421 velut
330 1358 458 1441 expiato
471 1367 630 1423 terrarum
643 1361 727 1439 orba,
742 1359 865 1442 cepisse
878 1358 978 1423 finem
992 1355 1120 1421 videbar·

124 1453 187 1506 tur.
244 1440 407 1507 adnuere
430 1443 628 1508 alacritatem
651 1442 836 1528 Vespasiani
859 1444 970 1525 litere,
989 1453 1121 1525 tanquam

125 1539 273 1598 manento
284 1526 529 1612 belloscriptae:
549 1550 596 1610 ea,
611 1529 714 1613 prima
727 1530 843 1614 specie,
859 1529 982 1593 torma:
1003 1531 1122 1592 celerior

124 1623 162 1710 ut
176 1611 331 1697 Princeps
350 1613 545 1696 loquebatur,
554 1609 678 1679 'civilia
690 1613 732 1678 da
745 1635 780 1678 aa
793 1626 826 1678 et
839 1614 1038 1699 Reipublicae
1051 1630 1122 1696 egro

189 1719 196 1734 ·
409 1700 421 1719 Α
586 1702 593 1711 ·
892 1701 899 1712 ·
925 1708 933 1739 ι

124 1699 799 1865 instauraturum
819 1780 1123 1872 ma

126 1871 192 1936 unr'
201 1869 428 1936 decernuntur.
488 1899 491 1902 ·

168 1957 223 2021 lv.
245 1956 377 2021 Miserat
396 1966 429 2020 et
450 1956 625 2022 Marcianus
644 1956 793 2041 epistolas
816 1956 857 2020 ad
879 1957 1121 2036 senatumque

125 2043 292 2107 materiam
309 2042 511 2107 sermonibus
534 2043 717 2127 mannire:
741 2045 788 2107 ‘si
812 2043 958 2128 privatus
971 2052 1059 2120 esset,
1077 2055 1123 2103 cor

149 2128 256 2192 oblico
281 2128 487 2210 loquereturt
513 2128 656 2212 potuisse
679 2127 801 2210 eadem,
825 2147 945 2213 paucos
970 2137 1041 2210 post
1062 2125 1124 2203 dias

126 2144 198 2276 foco
212 2212 377 2277 sententiae
392 2212 456 2277 dici
466 2215 483 2279 ε’
498 2214 568 2297 ipsa
580 2234 710 2298 quoque
732 2213 898 2281 insectatio
920 2213 955 2276 in
978 2212 1126 2277 Vitellium

126 2316 197 2362 sera
211 2311 242 2361 et
256 2297 326 2362 sine
341 2297 492 2363 libertate.
536 2301 575 2364 Id
589 2300 666 2365 vero
680 2318 759 2386 arga
772 2297 1019 2382 Rompublicam
1032 2313 1126 2380 super·

126 2383 214 2464 bum,
230 2404 306 2471 erga
319 2385 504 2468 Principem
517 2384 894 2468 contumeliosum,un
908 2384 961 2447 ‘in
973 2402 1068 2447 maan
1076 2377 1125 2445 aa

126 2467 225 2534 fuisse
246 2469 422 2552 Imperium
435 2471 654 2554 donatumque
669 2472 881 2556 Vespasiano,’
893 2469 1041 2551 jactabat.
1080 2467 1127 2530 Co

127 2556 227 2620 tarum
237 2555 358 2619 invidia
371 2555 406 2618 in
422 2559 566 2642 occult03
589 2558 730 2622 adulatio
744 2559 778 2621 in
791 2568 897 2640 aperto
908 2565 1019 2619 eraut:
1039 2552 1125 2617 multo

127 2659 204 2704 cum
225 2641 345 2705 honore
367 2640 539 2707 vorborum
563 2644 737 2708 ‘Muciano
758 2641 973 2724 triumphalia’
996 2639 1036 2703 de
1054 2637 1125 2701 bello

128 2725 217 2793 civili
232 2726 323 2791 dua:
345 2725 402 2791 sed
416 2734 424 2767 ί
437 2726 471 2790 iu
486 2725 650 2792 Sarmatas
663 2728 831 2811 expeditio'
846 2726 1036 2812 fingebatur.
1075 2718 1127 2787 ll·

126 2811 248 2877 duntur
271 2808 401 2876 ‘Primo
422 2813 563 2878 Antonio
584 2814 793 2893 Consulariar
807 2811 957 2877 Cornelio
978 2811 1126 2888 Fuscuet

128 2899 222 2963 Arrio
245 2899 338 2978 Varo,
363 2897 516 2964 Pretorio
537 2900 697 2986 insignia!
738 2898 817 2964 Mox
841 2899 929 2962 Deos
950 2902 1126 2978 respexero:

129 2985 282 3051 ‘restitui’
308 2985 431 3069 placuit
454 2986 681 3068 ‘capitolium’
724 2985 839 3067 quue
861 2981 971 3046 omnia
995 2980 1127 3046 Valerius

128 3073 299 3152 Asiaticus,
323 3070 664 3167 Consul-designatus,
683 3071 827 3168 censuit3
849 3067 945 3132 ceteri
958 3067 1053 3164 uultu
1072 3081 1127 3161 ruo·

127 3156 1127 3324 lllltiltlsstlllltlllltltltlltulultlll

130 3338 192 3390 tur.
235 3324 299 3390 Ubi
314 3326 353 3390 ad
369 3326 558 3393 Helvidium
572 3327 729 3406 Priscum,
745 3327 917 3391 Praetorem
930 3323 1124 3410 designatum,

129 3423 271 3490 ventum,
292 3412 424 3492 promsit
446 3413 647 3493 sententiam,
672 3422 709 3477 ut
734 3410 947 3477 honorificam
969 3410 1003 3474 in
1021 3409 1124 3472 banuo

129 3494 320 3576 Principem,
335 3494 629 3579 imicissimorum,
644 3509 673 3563 et
689 3498 804 3563 studiis
822 3495 958 3561 Senatris
980 3490 1123 3558 attollebt·

129 3593 189 3644 tur.
233 3580 327 3660 laque
341 3580 523 3673 praecipuus
537 3582 587 3648 illi
602 3583 680 3666 dies,
695 3603 819 3672 magnae
830 3581 961 3648 offensa
972 3578 1123 3645 innonat

129 3683 256 3751 magnas
269 3663 381 3749 glorrae
396 3663 466 3729 init.
