2392 4050
128 202 193 269 10⁰
493 202 532 267 Ο.
551 200 663 267 Coss
679 200 817 269 Tacrrr
950 203 1001 292 [Α
1016 201 1132 269 usta
1171 145 1172 211 ἶ

125 382 270 461 umque:
291 394 374 460 quos
387 383 505 456 tamen,
520 373 636 440 iisdem
650 373 716 439 illis
730 374 861 460 campis,
874 375 1019 442 fuderint
1030 385 1134 441 stram

126 461 269 548 rintque)
283 472 321 526 ut
335 471 531 527 armatomm
543 460 656 540 millia,
671 462 762 526 velut
775 480 854 548 grex
868 463 1045 543 nandium,
1058 462 1134 528 exuli

125 547 270 614 Antonio
283 545 407 612 donum
419 545 583 612 darentur.
626 549 709 611 Octo
723 547 880 634 nimirum
895 548 1036 634 legiones
1048 550 1134 614 unius

125 634 238 702 classis
265 632 484 698 acoemionsm
505 632 583 696 iore.
627 631 666 697 ld
691 632 800 713 Basso,
815 633 848 698 id
870 634 1007 699 Caecinae
1021 637 1133 700 vnum:

219 737 297 785 uam
310 716 432 798 domos,
447 717 565 799 hortos,
579 737 666 802 opes,
681 716 826 803 Principi
841 720 1039 801 abstulerint,
1053 721 1135 784 edam

155 804 272 889 rincipi
286 803 405 868 auferri
419 803 575 867 militem:
598 804 741 888 integros
764 803 1025 888 incruentaeque,
1040 806 1134 870 Flavi·

125 890 198 956 mis
211 908 340 974 quoque
354 888 499 973 partibus
513 889 605 969 viles,
619 887 776 954 militibus
789 891 869 974 quid
882 890 1035 973 dicturos,
1046 911 1135 976 repos

124 976 272 1044 uentibus
286 984 343 1038 aut
357 993 517 1058 prospera,
532 985 588 1039 aut
601 974 770 1040 aduersal'

70 1048 134 1153 ‘i‘
169 1061 262 1126 XIV.
283 1060 363 1124 Huc
387 1060 522 1147 singuli,
547 1060 617 1129 haec
641 1060 797 1140 universi,
819 1071 857 1128 ut
877 1081 1039 1146 quemque
1058 1063 1136 1127 dolor
1170 1076 1173 1095 ⁷

124 1147 307 1231 impulerat,
321 1146 543 1227 vociferantes,
557 1146 650 1210 initio
665 1167 685 1210 a
698 1145 812 1230 quinta
826 1148 953 1245 legione
966 1160 1048 1231 orto,
1062 1168 1135 1232 repo

122 1232 192 1298 sitis
202 1231 323 1298 Vitellii
335 1231 540 1319 imaginibus,
550 1234 662 1298 vincla
673 1232 812 1298 Casinas
824 1232 994 1316 injiciunt:
1009 1235 1135 1299 Fabium

123 1317 311 1396 Fabullum,
334 1318 455 1402 quinta
481 1316 618 1403 legionis
641 1318 811 1404 legatum,
836 1330 869 1383 et
892 1319 1044 1384 Cassium
1064 1320 1135 1384 Ion·

122 1422 213 1488 gum,
228 1403 420 1469 Praefectum
430 1413 617 1484 castrorum,
629 1404 740 1470 Duces
751 1403 919 1491 deligunt:
934 1403 1016 1469 sorte
1027 1406 1136 1470 oblatos

121 1489 222 1554 trium
242 1488 495 1553 Liburnicarum
516 1490 643 1570 milites,
667 1489 797 1576 ignaros
819 1501 852 1554 et
877 1490 1031 1572 insontes,
1054 1489 1136 1556 uuci·

121 1573 219 1639 dant:
234 1574 355 1639 relictis
363 1575 486 1655 castris,
497 1575 633 1659 abrupto
644 1587 750 1659 ponte,
759 1575 930 1640 Hostiliam
941 1595 1063 1658 rursus,
1072 1574 1135 1640 iuda
1167 1646 1170 1657 ¹

122 1660 318 1726 Cremonam
372 1670 478 1747 rguut,
492 1671 529 1725 ut
543 1660 737 1748 legionibus,
753 1661 862 1743 primae
885 1661 1008 1726 Italicae
1032 1672 1063 1726 et
1077 1662 1135 1726 uni·
1167 1672 1171 1761 ἱ

121 1746 314 1813 atricasimae
379 1746 460 1830 paci,
472 1744 688 1833 jungerentur
701 1766 783 1830 quus
797 1745 991 1827 Cacinaad
1005 1748 1135 1813 obtinen-
1168 1766 1171 1789 ¹

120 1831 198 1897 dam
213 1834 417 1912 Cremonam,
432 1850 510 1896 cum
524 1843 614 1916 parts
627 1832 773 1914 equitum
789 1832 991 1914 praemiserat.
1105 1852 1108 1857 ·

164 1918 239 1984 XV.
261 1918 325 1983 Ubi
340 1918 411 1982 hec
425 1928 588 2001 comperta
603 1917 756 1998 Antonio,
770 1917 934 1982 discordes
946 1919 1074 1998 animis,
1084 1915 1135 1981 dis

94 1976 361 2093 qeratoqyiribus
373 2001 688 2070 hostiumexereitus
698 2003 830 2090 aggredi
842 2004 962 2086 statuit,
974 2013 1135 2089 autequam

122 2090 270 2155 Ducibus
285 2090 467 2170 auctoritas,
479 2088 575 2156 militi
590 2088 782 2172 obsequium
791 2099 823 2153 et
834 2089 956 2171 junctis
964 2091 1133 2177 legionibus

120 2174 244 2242 fiducia
256 2174 392 2241 rediret:
414 2194 555 2260 namque
570 2175 712 2240 Fabium
726 2176 903 2257 Valentem,
916 2177 1095 2259 profectum
1103 2174 1135 2238 ab

119 2260 209 2343 urbe,
224 2261 543 2343 acceleraturumque
557 2259 687 2344 cogniti
708 2260 847 2324 caecina
868 2260 1058 2345 proditione,
1072 2280 1132 2325 con·

117 2345 274 2429 jactabat:
294 2357 327 2412 et
348 2345 434 2411 fidus
457 2345 588 2411 Vitellio
614 2345 747 2427 Fabius,
770 2366 831 2410 nec
855 2347 978 2412 militia
1000 2348 1132 2434 ignarus.

121 2432 229 2498 Simul
245 2431 360 2518 iugens
375 2434 615 2497 Germanorum
628 2431 680 2496 vis
693 2451 750 2515 per
772 2431 930 2498 libatiam
953 2432 1132 2497 timebatur:

119 2527 152 2583 at
167 2517 345 2598 Britanniis,
361 2516 535 2600 Galliique
549 2527 582 2580 et
591 2517 760 2601 Hispania,
769 2516 894 2584 auxilia
903 2519 1054 2583 Vitellius
1064 2514 1133 2582 acci·

119 2613 219 2684 verat,
234 2604 425 2670 immensam
438 2603 516 2669 belli
531 2604 630 2684 luem,
645 2601 680 2668 ni
695 2602 866 2683 Antonius,
880 2602 913 2668 id
924 2603 1033 2688 ipsum
1045 2614 1132 2668 metu·

119 2707 188 2771 eus,
217 2688 365 2753 festinato
393 2689 503 2772 prelio
530 2689 699 2753 victoriam
727 2690 938 2773 precepisset.
982 2689 1133 2754 Universa

119 2793 198 2841 cum
209 2775 365 2853 exercitu,
379 2773 531 2839 secundis
547 2794 567 2838 a
587 2773 718 2839 Verani
743 2774 863 2854 eastris,
883 2773 1076 2839 Bedriacum
1089 2791 1132 2837 re

118 2860 187 2927 nit:
208 2868 333 2943 postero
347 2859 410 2942 die,
425 2858 607 2945 legionibus
621 2859 663 2923 sd
678 2859 892 2925 muniendum
908 2860 1049 2940 retentis,
1063 2878 1133 2923 aux·

117 2945 227 3012 iliares
242 2945 389 3011 cohortes
403 2945 437 3010 in
454 2945 707 3011 Cremonensem
721 2964 838 3031 agrum
851 2945 966 3026 missae,
980 2958 1027 3027 ut,
1037 2944 1132 3028 speeie

176 3032 336 3098 undarum
363 3031 540 3116 copiarum,
569 3030 660 3094 civili
685 3029 792 3113 pradis
818 3031 911 3095 miles
935 3030 1131 3096 imbueretur.

117 3050 176 3182 f„
191 3164 200 3199 ,
214 3138 292 3183 eum
312 3128 451 3203 quatuor
464 3117 610 3181 millibus
624 3116 780 3198 equitum,
795 3115 1003 3181 edoctorum
1025 3138 1046 3181 a
1058 3114 1132 3182 Bed-

116 3221 204 3269 riaco
218 3223 415 3290 progressus,
425 3203 491 3286 qub
504 3201 652 3268 boentius
663 3204 912 3287 popularentur:
927 3203 1130 3287 exploratores
1169 3235 1170 3292 3

118 3290 170 3377 (ut
185 3307 255 3353 mos
269 3291 330 3376 est)
345 3285 472 3375 longius
487 3289 653 3354 curabant.
1169 3303 1170 3378 ἐ

160 3374 251 3441 XVI.
274 3374 403 3444 Quinta
428 3374 527 3439 ferme
543 3375 623 3440 hora
646 3371 712 3437 diei
737 3385 812 3455 erat,
828 3375 902 3439 elim
926 3373 1010 3438 citus
1034 3388 1128 3457 eques,
1169 3387 1170 3454 l

117 3457 309 3522 ‘adventare
323 3456 440 3535 hostes,
455 3458 610 3544 praegredi
624 3479 755 3541 paucos,
771 3469 895 3525 motum
914 3458 1128 3540 fremitumque

115 3541 181 3605 lata
196 3539 321 3619 audiri,’
336 3541 507 3605 nuntiarit.
554 3543 645 3606 Dum
667 3545 839 3625 Antonius,
856 3543 1032 3627 ‘quidnam
1045 3559 1128 3628 agen·

115 3622 215 3703 dum,'
228 3624 399 3701 consultat,
414 3625 566 3688 aviditate
584 3627 744 3690 navandae
771 3648 875 3711 operae
897 3630 1012 3693 Arrius
1035 3630 1128 3691 Varus

115 3707 1128 3800 eumpromtisaimisequitumprorupit‚impulitqueVitellianos¹
