2392 4050
132 139 196 205 ree
484 141 520 207 c.
538 143 648 209 cors.
664 97 803 207 rari}
946 138 994 228 [r.
1009 138 1072 205 u..
1102 157 1123 248 ,ᾗ

131 325 230 380 terras
244 324 277 378 et
289 313 439 398 propiore
450 315 551 399 Syria
561 315 700 381 coluisse
710 318 803 382 rura!
845 313 921 395 Alii,
937 312 1109 379 ‘Judaotua

130 400 225 465 initia
238 402 398 484 Solymos,
413 401 610 466 carminibus
635 397 768 467 Homeri
792 401 980 466 celebratam
999 409 1108 485 gentem

132 486 294 552 conditam
309 487 422 552 urbem
437 487 694 571 Hierosolymam
708 488 839 553 nomine
854 486 1050 550 suofecissa’

174 573 235 637 111.
247 571 395 637 ¹Plurimi
411 585 556 637 auctores
567 575 783 654 consentiunt,
799 572 886 636 ‘orti
897 592 950 657 per
963 571 1123 656 AEfflptua

131 659 212 739 tabe,
223 676 294 741 qua
309 676 442 741 corpora
457 657 598 737 imdaret,
608 659 730 747 Regem
741 658 941 738 Bocchorim,
951 655 1078 721 aditoH
1093 680 1121 708 e·

133 743 238 809 monis
249 743 577 827 oraculo,remedium
588 756 754 829 petentem,
764 763 900 830 purgare
908 743 1055 828 Regnum
1063 740 1122 803 et'

132 849 236 929 genus
250 828 429 908 hominum,
443 838 479 893 ut
493 830 637 896 invisum
650 830 740 912 Deis,
754 831 834 894 allas
848 829 883 893 in
898 837 996 903 terras
1010 825 1097 891 srehe

129 934 265 998 jussum
308 913 365 979 sic
393 904 611 998 conquisitum
635 917 874 998 collectumque
902 934 944 991 v¹
1007 932 1032 993 s,
1058 930 1103 995 pos

132 1019 231 1084 quarn
246 999 344 1063 vastis
359 997 438 1064 loels
459 1000 608 1065 relictum
629 1003 679 1081 sit,
693 1003 808 1065 ceteris
827 1018 884 1084 per
904 916 1061 1083 lamnas
1077 1005 1121 1058 tor·

93 1092 97 1103 ’
131 1085 290 1170 pentibus,
320 1082 439 1164 blesen,
466 1104 571 1151 unum
594 1087 740 1168 exulum,
770 1084 944 1165 monubse,
973 1103 1015 1147 ne
1042 1096 1120 1166 quau

131 1171 278 1236 Deorum
301 1169 510 1237 hominumve
533 1191 627 1256 opem
648 1181 861 1257 expectarent,
893 1170 1056 1253 utrimque
1084 1166 1120 1228 de

132 1255 217 1334 serti,
240 1256 296 1321 sed
316 1255 387 1337 sibi,
409 1266 446 1321 ut
468 1257 555 1321 Daci
576 1259 707 1338 caelesti,
730 1256 906 1336 crederent,
926 1255 1031 1341 primo
1050 1250 1121 1333 cujus

132 1341 256 1407 auxilie
270 1353 439 1425 presentes
455 1341 599 1407 miserias
621 1343 836 1441 pepulissent)
851 1343 1037 1420 Assensere,
1051 1351 1122 1420 atque

133 1428 281 1492 omniurn
297 1427 401 1526 ignari
413 1425 581 1491 sortulmrn
592 1427 651 1492 iter
663 1428 833 1511 incipiunt.
876 1426 941 1490 Sed
951 1423 1123 1506 nihilaequi,

131 1514 230 1597 quim
240 1512 447 1597 inopinaque
460 1512 621 1599 fatigabat.
664 1519 798 1597 Jamque
810 1511 897 1576 haud
910 1513 1029 1595 procul¹
1037 1508 1123 1585 exitio,

128 1599 207 1683 ¹totis
228 1599 351 1683 campis
372 1600 626 1683 procubuerant3
650 1600 723 1664 cum
747 1618 828 1685 grex
852 1596 1020 1662 asinorum
1044 1612 1125 1682 agree

132 1683 223 1765 tium,
238 1706 257 1749 e
271 1693 371 1768 pasta
380 1684 414 1748 in
436 1702 558 1768 rupem,
572 1703 702 1749 nemore
724 1704 867 1768 opacam,
880 1681 1051 1749 concessit.
1087 1680 1126 1745 Se

133 1784 228 1836 cutus
256 1771 372 1853 Moses,
401 1769 584 1851 conjecturs
607 1770 731 1834 herbidi
756 1769 827 1850 soli,
850 1771 955 1854 largas
987 1781 1125 1852 aquarum

131 1859 351 1940 renas-aperit.
394 1854 432 1919 ld
444 1856 611 1920 levamen:
632 1865 663 1917 et
674 1855 935 1919 continuumsex
945 1854 1072 1921 dierum
1083 1853 1125 1915 itu

131 1945 263 2024 emensi,
271 1941 719 2026 septimo,pulsiseultcribus,
728 1939 898 2017 obtinuere
908 1951 1021 2022 terras,
1030 1941 1063 2003 in
1073 1936 1127 2023 quir

131 2031 210 2093 urbs
223 2039 253 2093 et
268 2028 424 2114 templum
438 2026 552 2096 dicata.
911 2105 914 2112 ⁴
955 2043 968 2060 e

177 2115 231 2178 lv.
254 2114 370 2191 Moses,
379 2112 444 2195 qud
454 2112 516 2177 sibi
527 2114 561 2177 in
572 2122 735 2197 posteram
744 2120 872 2198 gentem
883 2111 1034 2190 firmaret,
1048 2128 1123 2174 nor

130 2198 211 2264 ritus
231 2198 468 2281 contrariosque
490 2200 602 2263 ceteris
622 2199 809 2263 mortalibus
829 2196 953 2261 indidit
1008 2194 1131 2261 Prolem

67 2313 73 2324 ·
130 2283 199 2349 illic
220 2283 338 2365 omnia,
359 2304 439 2369 quae-
447 2282 533 2367 apud
547 2301 607 2348 nos
620 2304 729 2348 sacra:
752 2302 881 2348 rursum
894 2302 1048 2346 concessa
1060 2275 1131 2364 apud

130 2370 213 2451 illos,
234 2390 316 2454 quaa·
333 2371 424 2435 nobis
447 2371 575 2434 incesta.
619 2369 772 2455 Effigiem
793 2368 950 2447 animalis,
965 2387 1036 2449 quo
1056 2383 1132 2429 mcu-

130 2467 249 2522 suante
263 2475 400 2522 errorem
414 2456 563 2538 sitimque
577 2453 775 2538 depulerant,
789 2453 943 2538 penetrali
957 2452 1132 2516 sacravere·

129 2561 211 2606 caeso
226 2543 330 2622 ariete,
346 2541 483 2605 velutin
499 2540 729 2608 contumeliam
742 2538 943 2608 Hammonis.
987 2538 1051 2601 Bes
1064 2553 1117 2619 qu·

128 2647 192 2709 que
206 2627 396 2705 immolatur,
412 2645 509 2709 quem
524 2625 671 2728 [Egyptii
686 2625 772 2708 Apin
797 2624 918 2689 colunt.
961 2623 1030 2687 Sue
1051 2619 1124 2685 abati

129 2723 214 2795 nent,
229 2710 383 2775 memoria
397 2710 505 2790 cladis,
521 2730 585 2794 qua
607 2711 692 2794 ipsos
714 2710 836 2774 scabies
856 2707 1021 2793 quondam
1039 2718 1136 2788 turpa-

131 2811 228 2877 verat,
253 2796 306 2863 cui
330 2796 363 2860 id
385 2795 505 2860 animal
525 2796 710 2860 obnoxium.
753 2795 902 2876 Longum
924 2793 1003 2858 olim
1025 2792 1136 2856 samem

129 2884 246 2949 crebris
261 2883 369 2947 adhuc
388 2881 520 2965 jejuniis
542 2881 702 2945 fetentur:
723 2890 755 2944 et
771 2892 933 2964 raptarum
947 2878 1081 2963 frugum
1094 2894 1137 2938 ar·

128 2981 321 3057 gementum
332 2969 424 3054 panis
435 2966 598 3047 luduicus
609 2968 701 3031 nullo
715 2965 878 3044 fermento,
892 2963 1013 3028 retinet
1051 2962 1140 3039 ιω·

129 3057 207 3121 timo
221 3057 273 3121 die
286 3058 389 3121 otium
403 3054 580 3138 placuisse,’
594 3052 722 3135 ierunt,
745 3052 839 3135 ‘quia
849 3051 877 3115 is
888 3047 985 3112 finem
996 3047 1105 3111 labem
1114 3071 1130 3099 o

129 3142 255 3207 tulerit:
269 3141 354 3221 dein,
369 3139 551 3206 blandiente
563 3138 686 3217 inertie,
698 3139 868 3221 septimum
878 3153 1005 3218 quoque
1018 3148 1138 3195 annum

128 3226 265 3313 ignaria
280 3226 411 3291 datum!
453 3225 529 3307 Alii,
555 3224 730 3313 ‘honorem
753 3242 829 3285 eum
851 3222 989 3285 Saturno
1012 3213 1136 3283 haberi:

74 3355 79 3360 -
129 3331 185 3375 seu
200 3311 359 3394 principie
372 3309 534 3395 religionis
556 3307 752 3373 tradentibus
767 3306 868 3386 ldaeis,
891 3323 973 3388 quos
995 3321 1070 3367 cum
1083 3300 1138 3365 Sa·

130 3406 226 3459 turno
248 3393 357 3478 pulses
372 3405 403 3457 et
415 3394 595 3458 conditores
615 3393 720 3478 gentis
734 3392 925 3474 accepimus,
946 3408 1003 3453 seu
1017 3384 1101 3471 quud
1121 3403 1138 3447 e

129 3490 250 3564 septem
269 3478 434 3556 sideribus,
458 3479 528 3559 quis
544 3480 696 3542 mortales
717 3487 881 3564 reguntur,
897 3474 1049 3540 altissimo
1063 3470 1137 3535 orbe

129 3575 161 3627 et
171 3563 330 3648 praecipui
343 3561 494 3646 potentia,
508 3564 601 3626 stella
622 3564 754 3629 Saturni
777 3563 915 3628 seretur:
937 3580 975 3625 ac
988 3560 1137 3645 pleraque
