2392 4050
111 128 176 195 lrt
465 131 784 246 &Ooart‘l'sprsr
831 124 835 135 ’
928 80 1109 223 [duddi

109 299 267 366 Sextilius
280 298 1033 393 ducebatetrepertovedo,prodituslususqpe.
1069 308 1113 374 nt
1173 312 1174 393 T

110 386 202 451 clade
216 388 355 472 perculsi
368 389 514 470 Treveri,
529 401 560 456 et
574 391 692 474 plebes,
706 391 834 457 omissis
844 393 951 491 osnig,
966 413 1021 478 per
1034 410 1115 480 egres
1173 410 1174 431 ³

110 473 257 556 palatur:
276 474 412 558 quidam
437 475 635 558 Principum,
662 486 701 541 ut
722 477 818 560 primi
841 497 985 562 posuisse
1008 476 1118 544 bellum
1173 542 1174 555 ,

110 557 306 642 viderentur,
330 561 365 625 iu
387 561 541 644 civitates,
576 579 627 631 uae
650 562 836 629 societatem
857 563 1038 644 Romduum
1060 583 1118 641 nou
1172 574 1174 637 l

111 655 277 726 exuerant,
291 645 508 732 perfugerant.
624 648 630 660 ‘
654 667 711 712 nes
726 636 1120 734 aNovesioBofflriquein
1173 652 1174 661 ’

111 726 284 813 Treveros,
298 742 336 795 ut
347 734 446 815 suprit
463 733 726 812 memoravimru,
748 735 915 817 traduces,
929 738 972 801 'se
993 737 1070 823 ipse
1090 735 1121 800 iu

109 816 403 900 rerbaVespeaiani
418 816 470 881 edi
517 827 563 883 ut.
608 819 1008 887 HaecVulentinoabsente
1020 832 1122 909 geste:

110 900 167 983 qui
182 902 239 965 ubi
261 901 453 968 adventabat
480 922 588 986 urens,
606 914 788 989 cuncteque
802 924 915 971 rursus
928 906 963 973 in
977 909 1084 972 turbes
1096 916 1123 971 et

110 986 247 1053 exitium
261 1007 486 1069 conversurus,
502 989 646 1075 legiones
660 989 697 1054 iu
722 990 991 1071 Mediomatricos,
1011 993 1125 1058 sociam
1173 990 1175 1073 ζ

112 1071 286 1152 civitatem,
298 1074 488 1139 abscessere.
534 1075 725 1141 Valentinus
736 1097 775 1142 ac
786 1077 893 1142 Tutor
904 1077 1125 1143 inarma'l're
1173 1098 1174 1147 ἒ

113 1174 207 1220 veroa
222 1159 404 1226 retrabunt:
425 1160 541 1227 occisis
566 1161 735 1226 Herennio
752 1180 791 1228 ac
813 1163 972 1245 Numisio,
993 1163 1126 1251 Legatis,
1173 1164 1174 1199 ⁴

112 1242 178 1327 quir
192 1244 317 1310 minore
330 1266 386 1331 spe
399 1247 503 1313 verrin
517 1256 674 1315 cresceret
687 1247 859 1313 vinculum
871 1249 1012 1314 sceleris.

155 1329 283 1395 LXXI.
305 1332 369 1398 Hic
380 1332 456 1398 belli
470 1341 573 1397 status
587 1343 664 1413 erut,
679 1334 754 1398 sirm
766 1333 900 1400 Petilius
914 1334 1049 1400 Oerielis
1063 1332 1128 1399 Me·
1173 1412 1174 1419 ἵ

112 1416 301 1501 gentiacum
315 1418 422 1482 venit:
444 1416 515 1500 ejus
530 1416 887 1503 adrentuereetaespes.
930 1421 1127 1506 lpsepugna
1173 1474 1174 1513 ,

112 1498 228 1567 uvidus
242 1511 274 1566 et
287 1502 539 1584 contemnendis,
554 1505 654 1586 quim
668 1502 830 1588 cavendis,
844 1505 991 1570 hostibus
1010 1505 1127 1586 melior,
1173 1522 1174 1569 t

110 1583 230 1651 ferocii
244 1589 417 1653 verborum
441 1589 577 1655 militem
599 1588 810 1656 incendebat:
832 1591 889 1655 ubi
903 1591 1043 1675 primum
1056 1610 1128 1654 eon·
1173 1596 1174 1599 ’

111 1671 201 1759 gredi
218 1672 370 1755 licuisset,
392 1676 520 1740 nullam
533 1675 643 1758 praelio
658 1695 782 1740 moram
804 1677 967 1742 facturus:
988 1678 1128 1742 uenena

112 1776 170 1842 per
185 1760 329 1825 Gelliam
350 1759 475 1829 habitos
489 1760 524 1824 in
540 1759 686 1825 civitates
708 1761 848 1844 remittit,
870 1782 909 1828 ao
922 1764 1069 1828 nuntiare
1079 1761 1128 1843 ju-

112 1846 173 1924 bet,
201 1844 364 1913 ‘sufficere
387 1845 561 1930 Imperio]
605 1846 714 1911 iones:
744 1846 823 1912 socii
845 1846 887 1911 ad
910 1849 1024 1913 munia
1042 1846 1127 1932 pacis
1173 1870 1174 1883 ¹

113 1931 262 2012 redirent,
278 1931 394 2013 seeuri,
408 1931 500 1995 velut
512 1951 551 1995 uo
608 1939 659 1996 cto
680 1933 774 2011 bello,
787 1932 875 2015 quod
889 1932 1041 2000 Romanae
1066 1953 1128 1996 ma·
1172 1978 1174 2029 l

113 2036 178 2083 nus
195 2018 413 2103 excepissent!
464 2017 572 2083 Auxit
601 2037 642 2082 ea
662 2036 714 2083 res
736 2019 909 2084 Gallorum
933 2039 953 2083 o
1054 2018 1061 2032 '

114 2104 208 2185 Nam,
223 2104 348 2185 recepti
356 2104 537 2185 juveutute,
551 2101 676 2169 facilins
689 2103 808 2169 tributa
821 2106 1007 2188 toleravere,
1028 2104 1130 2188 proui-

113 2207 184 2254 ores
198 2188 240 2253 ad
262 2188 375 2270 officia,
389 2188 475 2273 quod
500 2189 740 2271 spernebantur.
766 2188 768 2193 ’
783 2192 827 2255 At
842 2188 957 2255 Civilis
970 2201 1003 2255 et
1017 2190 1127 2255 Classi-

113 2293 181 2357 eus,
195 2274 252 2341 ubi
268 2275 420 2357 ‘pulsum
435 2276 602 2355 Tutorem,
629 2294 726 2340 eoesos
741 2275 913 2356 Treveros,
927 2286 1048 2341 cuneta
1059 2276 1124 2339 hos

110 2361 198 2425 tibus
226 2379 375 2445 prospera
403 2359 562 2444 accepere,
591 2370 637 2425 tre
660 2359 706 2423 idi
733 2381 771 2425 ac
803 2372 1023 2445 properantes,
1050 2361 1128 2426 dum

114 2445 272 2531 dispersas
286 2463 421 2512 suorum
435 2446 543 2529 eopias
565 2466 627 2511 con
650 2455 760 2528 ucunt,
775 2447 892 2512 crebris
907 2447 1038 2513 interim
1048 2464 1131 2511 nun·

112 2532 166 2596 tiis
192 2533 400 2598 Valentinum
427 2531 590 2612 monuere,
620 2539 682 2596 ‘ne
710 2550 844 2598 summe
872 2531 919 2596 rei
947 2532 1131 2617 periculum

113 2617 250 2683 faceret!
292 2618 344 2683 Ed
358 2616 498 2702 rapidius
519 2617 665 2700 Cerialis,
686 2617 791 2683 missis
811 2617 847 2681 in
860 2617 1133 2697 Mediomatricos,

112 2705 170 2789 qui
183 2703 327 2770 breviore
342 2703 456 2767 itinere
469 2702 613 2788 legiones
627 2703 662 2766 in
674 2704 797 2768 hostem
806 2712 977 2784 verterent,
988 2713 1132 2768 contrac-

60 2866 61 2869 ,
114 2801 155 2872 to,
176 2788 261 2874 quod
284 2797 352 2853 eret
378 2788 520 2853 rnilitum
543 2788 748 2875 Mogontiaci,
772 2797 996 2873 quantumque
1021 2803 1130 2853 seeum

112 2885 339 2956 transvexerat,
362 2872 463 2937 tertiis
485 2875 598 2939 castris
617 2872 819 2960 Rigodulum
832 2874 941 2959 renit3
963 2894 1062 2957 quem
1084 2873 1131 2937 lo-

113 2983 190 3029 cum
216 2960 335 3049 magni
367 2957 587 3027 Treverorum
622 2978 723 3025 mauu
751 2959 944 3024 Valentinus
972 2959 1134 3025 insederat
1172 3008 1174 3016 .

113 3047 277 3114 montibus
293 3054 350 3112 aut
363 3045 500 3111 Moselld
514 3065 610 3110 amne
624 3055 770 3129 septum,
793 3054 825 3109 et
845 3044 1013 3111 addiderat
1031 3045 1134 3109 somus

113 3135 282 3217 obicesque
295 3152 458 3199 saxorum.
502 3132 572 3197 Nec
594 3130 775 3196 deterruere
800 3149 840 3194 ee
853 3131 1058 3196 munimenta
1071 3129 1135 3193 Ro·

113 3237 248 3285 manum
261 3220 397 3300 Ducem,
411 3219 476 3302 qud
496 3217 601 3282 minis
614 3216 753 3300 peditem
772 3234 977 3300 perrumpere
994 3213 1136 3298 juberet,

114 3304 261 3389 equitum
281 3306 384 3369 selem
398 3304 433 3368 in
457 3304 575 3369 collem
595 3304 739 3389 erigeret,
760 3302 1003 3387 spretohoste3
1025 3319 1136 3385 quem,

111 3390 231 3453 temere
245 3389 428 3467 collectum,
448 3386 537 3451 haud
558 3388 603 3451 itu
617 3388 689 3452 loco
711 3386 827 3469 juvari,
840 3397 878 3452 ut
892 3407 958 3453 non
973 3388 1049 3472 plus
1063 3385 1135 3449 suis

113 3472 281 3538 intvirtute
295 3472 382 3536 foret
427 3472 569 3538 Paulum
582 3490 679 3538 morae
694 3474 729 3538 iu
743 3492 888 3553 ascensu,
903 3473 984 3539 dum
997 3471 1137 3537 mimilie
1173 3495 1174 3498 ¹

111 3556 254 3621 hostium
274 3556 524 3639 praeteriuntur:
545 3565 583 3621 ut
604 3568 740 3623 rentum
757 3558 792 3622 in
818 3578 945 3640 manus,
968 3557 1129 3623 deturbati

111 3640 215 3706 ruinae
226 3639 325 3705 modo
337 3640 584 3725 precipitantur.
628 3642 923 3731 Etparsequitum,
933 3641 1128 3732 equioribus
