2392 4050
74 178 107 245 ri„
121 148 229 270 ΜΟ.)
334 122 485 247 Hieron.
499 179 580 249 Lm
594 181 781 253 Quaeres.
1010 184 1074 252 trs

70 350 144 438 jugis
156 353 380 434 circumvecta,
395 353 610 419 nobiliseImos
625 354 811 443 Belgarum,
822 353 858 419 iu
871 353 944 440 qun
956 352 1075 423 ducem

73 437 275 519 Valentinum,
292 441 385 523 cepit.

104 522 236 593 LXXII.
260 525 395 590 cerialis
408 533 533 610 postero
546 524 599 589 die
612 525 775 593 coloniam
789 527 1011 591 Treverorum
1026 525 1076 592 in·

70 624 183 758 gemeus
203 620 259 691 est,
283 610 378 675 avido
403 609 508 674 milite
527 611 674 677 emender
699 613 858 678 civitam:
882 612 985 677 ‘hano
1007 631 1076 681 erue
1151 648 1154 655 ·

92 695 197 779 lamici,
221 696 308 761 hanc
321 696 468 778 Tutoris,
482 696 637 778 petriam:
658 699 777 763 horum
802 699 924 763 scelere
948 697 1075 762 clausas

70 797 215 866 tetreque
230 781 382 867 legiones.
426 780 518 851 Qud
533 791 660 847 tantum
682 784 878 848 Cremonam
898 782 1073 866 meruisse3

67 882 152 948 quam
164 888 183 930 e
196 867 320 953 grenuo
335 865 435 931 Italiae
457 876 589 950 raptam,
605 869 684 950 quia
704 868 805 933 unius
825 866 929 934 nuens
950 886 1078 935 moram

67 951 228 1017 uiatoribus
237 953 398 1018 attulerit?
435 952 526 1017 Stare
535 953 570 1016 in
580 952 720 1018 confinio
728 955 910 1019 Germaniae
918 953 1077 1041 integram

67 1036 170 1118 edem,
196 1036 309 1122 meliis
323 1037 527 1103 exarcituum
548 1049 579 1102 et
602 1039 735 1104 Ducum
748 1038 890 1105 cedibus
914 1050 1075 1106 orantem.

66 1119 263 1211 Redigaretnr
288 1123 396 1214 preda
407 1123 443 1189 in
456 1122 594 1188 fiscum:
617 1124 695 1208 Ipsis
709 1126 856 1191 sufficere
868 1125 960 1223 ignes
974 1136 1006 1191 et
1027 1144 1076 1190 re·

66 1203 146 1272 bellis
159 1209 295 1274 colonie
307 1208 428 1291 ruinas,
441 1208 560 1292 quibus
575 1219 620 1274 tot
634 1218 814 1277 castrorum
823 1210 950 1277 excidia
963 1228 1076 1295 pensa·

66 1296 184 1359 rantur)
227 1292 372 1374 Cerialis,
387 1315 407 1358 a
428 1304 516 1359 metu
535 1293 686 1375 infamia,
699 1295 727 1359 si
742 1295 873 1361 naeuos
885 1295 1074 1381 saevitiaque

65 1376 197 1444 imbuere
211 1379 349 1446 militem
371 1377 560 1463 crederetur,
575 1381 690 1465 pressit
703 1381 787 1447 iras:
807 1391 839 1446 et
859 1382 1005 1466 paruere,
1020 1400 1075 1466 po-

63 1462 115 1527 rito
124 1464 249 1531 civium
259 1465 551 1546 bello‚aderterrta
561 1465 776 1533 modestiores.
819 1466 1075 1533 Convertitinde

65 1550 179 1615 animos
201 1551 410 1616 accitarume
425 1550 676 1617 Mediomatricis
696 1553 866 1650 legionum
884 1552 1075 1619 miserabilis

64 1647 212 1718 aspectus.
254 1637 390 1702 subant
417 1637 615 1701 conscientie
643 1637 758 1723 flagitii
781 1648 913 1720 mesta,
938 1637 1014 1703 fixis
1039 1638 1075 1705 in

62 1727 168 1788 terram
181 1723 294 1787 mulie.
339 1721 441 1787 Nulla
461 1721 545 1786 inter
567 1726 720 1788 coeuntes
747 1726 905 1788 exercitus
930 1724 1077 1789 consalu·

63 1808 151 1872 tatio:
174 1827 280 1892 neque
302 1809 481 1873 solantibus
506 1806 749 1874 hortantibusve
771 1827 927 1892 responsa
945 1807 1074 1892 debant,

63 1891 150 1957 abditi
165 1892 373 1979 pertentatis
386 1905 417 1958 et
431 1894 540 1958 lucem
562 1894 665 1977 ipsam
679 1895 837 1960 vitantes:
860 1913 921 1958 nee
942 1893 1075 1977 perinde

63 1978 235 2059 pauculum
248 1989 304 2045 ant
319 1987 431 2062 metus,
444 1979 544 2064 quim
556 1979 662 2063 pudor
676 1998 715 2045 ao
735 1976 885 2063 dedecus,
899 1977 1077 2063 obstupefe-

64 2076 161 2128 cerat:
184 2065 326 2132 attonitis
346 2064 444 2129 etiam
468 2064 654 2145 victoribus,
680 2064 738 2149 qui
761 2084 877 2132 vocem
894 2084 1076 2150 precesque

64 2148 206 2215 adhibere
220 2170 286 2216 non
297 2150 378 2231 ausi,
390 2150 540 2235 lacrymis
552 2171 590 2216 ac
604 2151 733 2217 silentio
744 2152 873 2217 veniam
883 2151 1075 2236 poscebant:

63 2233 159 2300 donec
170 2236 304 2301 Cerialia
315 2238 470 2300 mulceret
478 2236 611 2320 animoa,
627 2236 709 2302 ‘fato
720 2239 800 2301 aeta’
811 2237 970 2318 dictitans,
983 2243 992 2280 ‘
1000 2257 1075 2322 quea

64 2314 198 2386 militum
220 2321 416 2405 Ducumque
430 2320 607 2403 discordia,
628 2321 682 2388 vel
704 2322 817 2388 fraude
838 2323 989 2403 hostium,
1004 2343 1077 2388 ere·

64 2403 187 2471 niesent
231 2408 379 2472 Primum
391 2407 486 2472 illum
500 2406 733 2490 stipendiorum
746 2417 778 2471 et
788 2408 979 2473 sacramenti
989 2408 1077 2473 diem

63 2487 230 2557 haberant:
254 2492 400 2577 priorum
413 2491 596 2558 facinorum
609 2512 715 2577 neque
729 2494 957 2577 Imperatorem
969 2512 1011 2557 ne
1033 2512 1076 2558 ue

62 2593 93 2639 se
106 2577 308 2642 meminisse.²
351 2578 451 2642 Tune
475 2578 594 2662 recepti
619 2578 655 2643 in
677 2578 791 2645 eadem
811 2587 925 2658 castra,
939 2587 971 2642 et
1035 2579 1077 2643 'c-

63 2668 128 2728 tum
141 2682 197 2746 per
210 2664 403 2746 manipulos,
418 2682 460 2729 ne
483 2664 557 2746 quis
579 2663 614 2728 in
640 2665 814 2730 eenamine
831 2663 982 2751 jurgiore
994 2664 1076 2731 sedi·

63 2746 178 2812 tionem
190 2759 248 2812 aut
262 2749 388 2815 cladem
399 2748 611 2815 commilitoni
625 2748 805 2831 objectaret.

101 2833 256 2901 LXXIII.
280 2835 359 2900 Mox
381 2834 542 2900 Treveros
565 2855 603 2900 ae
625 2835 798 2922 Lingones,
822 2835 1076 2910 adsensionem

63 2928 196 2999 vocatos,
216 2921 262 2984 ita
283 2922 477 3004 alloquitur:
499 2922 632 3005 ‘Neque
647 2941 708 3008 ego
728 2940 875 3005 unquam
888 2921 1077 2988 facundiam

57 3005 207 3088 exeroui3
233 3016 265 3071 et
294 3005 411 3089 Populi
434 3004 573 3069 Romani
601 3006 754 3072 virtutem
783 3007 881 3070 armis
908 3008 1076 3073 affirmavi.

64 3085 135 3168 Sed,
148 3090 225 3174 quie
248 3090 335 3175 apud
350 3109 408 3156 ros
422 3092 521 3155 rerba
545 3091 721 3173 plurimum
734 3091 851 3171 valent,
866 3092 1014 3176 bonaque
1037 3111 1076 3158 ao

63 3173 147 3240 mala
159 3176 224 3242 non
239 3176 299 3241 suri
314 3178 438 3257 natura,
452 3175 510 3241 sed
523 3175 657 3240 vooihns
671 3175 902 3256 seditiosorum,
918 3177 1077 3243 aestiman-

63 3267 135 3341 tur3
154 3262 250 3328 statui
264 3283 368 3345 pauca
381 3261 544 3343 disserere,
566 3279 647 3344 quse,
669 3262 759 3346 prelii
784 3270 834 3328 ato
848 3262 943 3344 bello,
961 3263 1076 3330 utilius

62 3340 103 3407 sit
116 3349 204 3413 vobis
218 3348 354 3427 audisse,
369 3350 467 3431 qulam
480 3347 571 3412 nobis
593 3347 722 3413 dixisse.
800 3367 913 3413 errem
925 3360 1075 3431 vestram,

64 3439 300 3518 oeterorumque
322 3434 500 3516 Gallomm,
522 3432 659 3531 ingressi
673 3445 750 3500 snut
771 3433 880 3499 Duces
905 3436 1076 3518 Imperato·

64 3529 174 3597 resque
189 3518 335 3600 Romani,
350 3519 443 3584 nulli
456 3520 618 3603 cupidine,
633 3520 690 3585 sed
711 3518 886 3599 majoribus
901 3520 1014 3585 vestris
1028 3520 1077 3582 in·

63 3604 257 3689 voemtbus,
270 3624 353 3696 qnos
366 3603 533 3672 discordia
547 3623 652 3691 usque
674 3606 715 3672 ad
727 3603 864 3675 cainum
881 3601 1075 3691 fatigabant:
