2392 4050
71 175 107 241 A.
122 152 232 264 aba]
342 178 493 242 Hrsroa.
507 176 586 241 Lra.
603 178 801 244 Sacranas.
1034 179 1081 272 39

25 344 27 397 ἰ
71 350 202 415 cissimis
223 350 395 432 mensibus,
421 348 635 416 intervertisse
649 348 799 417 creditur.
843 349 965 436 Magna
978 360 1009 415 et
1023 353 1080 417 mi-

25 424 27 465 ’
69 438 269 518 seracivitns,
291 436 405 501 eodem
428 455 515 499 anno
536 435 701 501 Othonem
725 435 955 521 Vitelliumque
978 454 1078 521 passa,

69 520 147 586 inter
162 523 283 605 Vinios,
307 523 434 603 Fabios,
456 522 569 602 Icelos,
593 520 761 601 Asiaticos,
776 521 864 587 varii
879 532 911 585 et
931 522 1082 606 pudendi

68 620 146 671 sorte
158 610 289 694 agebat:
312 608 415 672 donec
425 609 609 673 successere
623 606 796 673 Mucianus
807 619 839 671 et
850 604 1034 690 Mancellus,
1049 618 1080 673 et

68 693 163 774 magis
178 695 233 758 alii
247 694 404 772 humum,
418 694 517 775 quam
528 693 585 757 alii
601 711 714 757 mores.

106 779 224 844 XCVI.
270 779 379 845 Prima
392 778 522 843 Vitellio
537 779 656 841 ‘tertiae
671 777 808 863 legionis
828 776 972 843 desectio’
996 799 1080 845 nun·

68 861 168 944 tiatur,
183 865 289 929 missis
305 866 346 929 ab
360 865 487 948 Aponio
508 863 687 929 Saturnino
700 862 851 947 epistolis,
865 876 1037 949 anuquam
1051 866 1080 930 is

67 966 189 1032 quoque
215 948 402 1033 Vespasiani
430 949 573 1034 partibus
601 960 838 1036 aggregaretur.
881 950 945 1016 Sed
973 970 1079 1035 neque

67 1034 208 1115 Aponius
223 1046 351 1116 cuncta,
365 1045 403 1100 ut
427 1036 588 1117 trepidans
611 1054 646 1098 re
671 1033 786 1116 subita,
800 1035 1033 1121 perscripserat,
1046 1047 1080 1102 et

66 1120 155 1184 amici
169 1121 340 1187 adulantes
350 1121 477 1186 mollius
488 1120 792 1202 interpretabantur:
815 1123 930 1186 ‘auius
941 1122 1078 1209 legionis

67 1223 132 1269 eam
144 1206 344 1285 seditionem,
359 1207 470 1271 ceteris
493 1205 688 1270 exercitibus
710 1218 853 1270 constare
878 1207 994 1272 fidem!
1037 1209 1078 1275 In

66 1287 149 1355 hunc
163 1291 300 1359 modum
313 1293 410 1359 etiam
423 1292 572 1357 Vitellius
586 1289 673 1374 apud
688 1291 804 1357 milites
820 1292 978 1375 disseruit,
992 1294 1078 1359 Prae-

67 1376 201 1443 torianos
222 1397 327 1461 nuper
345 1387 567 1443 exauctoratos
589 1377 775 1454 insectatus,
789 1378 956 1462 ‘aquibus
981 1379 1078 1447 salsos

67 1477 204 1529 rumores
217 1463 369 1550 dispergi,
383 1482 444 1528 nec
458 1464 565 1527 ullum
579 1462 685 1527 civilis
700 1460 776 1526 belli
800 1464 940 1545 metum?
955 1483 1079 1531 amere

67 1546 157 1628 rabat,
179 1567 352 1633 suppresso
366 1547 552 1632 Vespasiani
576 1548 716 1629 nomine,
730 1557 762 1610 et
775 1549 866 1636 vagis
888 1568 943 1633 per
964 1551 1079 1617 urbem

67 1630 227 1716 militibus,
241 1634 299 1717 qui
313 1654 475 1701 sermones
485 1634 596 1719 populi
607 1637 810 1699 coercerent:
832 1633 865 1698 id
875 1633 1077 1720 precipuum

67 1716 251 1784 alimentum
265 1718 356 1783 fama
368 1728 445 1783 erat.

104 1803 239 1869 XCVII.
261 1804 394 1869 Auxilia
416 1814 522 1871 tamen
547 1824 566 1868 e
590 1803 767 1869 Germanii
790 1803 1019 1889 Britanniaque
1043 1816 1077 1872 et

67 1885 226 1986 Hispmriis
239 1889 368 1970 excivit,
392 1890 540 1976 segniter,
562 1901 594 1954 et
618 1889 838 1954 necessitatem
859 1888 1098 1957 dissimulans.

68 1969 197 2056 Perinde
212 1976 326 2063 Legati
341 1976 579 2060 provinciaeque
594 1974 848 2057 cunctabantur;
871 1975 1075 2043 Hordeonius

68 2056 209 2143 Flaccus,
224 2062 380 2145 suspectis
391 2061 459 2142 jam
473 2062 613 2141 Batavis,
626 2061 742 2127 auxius
751 2062 876 2145 proprio
887 2063 981 2143 bello,
997 2063 1076 2129 Vec-

68 2142 123 2208 tius
133 2148 287 2226 Bolanus,
301 2167 467 2231 nunquam
477 2147 551 2212 satis
565 2147 674 2230 quieta
689 2147 873 2212 briannia:
896 2158 927 2212 et
941 2159 1074 2233 uterque

67 2231 212 2318 ambigui.
255 2232 368 2315 Neque
381 2253 423 2299 ex
447 2232 612 2317 Hispaniis
630 2234 867 2316 properabatur,
889 2236 1075 2301 nullatum

68 2311 106 2378 ibi
120 2318 307 2382 consulari:
328 2322 427 2384 trium
439 2320 604 2406 legionum
616 2318 738 2405 Legati,
750 2338 841 2402 pares
852 2319 976 2401 jure,et
987 2338 1074 2404 pros·

68 2401 141 2479 peris
165 2403 288 2467 Vitellii
311 2405 415 2486 rebus,
440 2403 592 2470 certaturi
616 2403 657 2467 ad
682 2404 880 2487 obsequium,
903 2405 1074 2471 adversam

68 2483 128 2564 ejus
142 2486 307 2553 fortunam
320 2510 362 2554 ex
377 2511 470 2575 aequo
485 2488 710 2554 detrectabant.
754 2490 793 2554 Iu
804 2488 914 2555 Africi
926 2489 1011 2577 legio
1022 2511 1073 2557 co·

68 2567 237 2658 hortesque,
252 2574 381 2639 delectae
397 2597 417 2640 a
431 2575 545 2640 Clodio
557 2575 677 2656 Macro,
689 2594 766 2640 mox
777 2596 797 2638 a
808 2576 912 2640 Galba
921 2576 1072 2659 dimissae,

68 2670 168 2723 rursus
180 2659 274 2740 jussu
287 2660 406 2725 Vitellii
421 2660 569 2727 militiam
583 2660 712 2745 cepere:
735 2659 830 2726 simul
842 2672 945 2726 cetera
956 2660 1073 2743 junen-

68 2747 111 2803 tus
133 2744 227 2809 dabat
241 2745 376 2831 impigre
397 2747 547 2812 nomina:
569 2746 688 2831 quippe
713 2747 874 2833 integrum
892 2746 961 2814 illic
975 2768 1013 2812 ac
1027 2748 1072 2813 fa·

68 2830 233 2895 vorabilem
244 2831 511 2898 Proconsulatum
520 2832 678 2915 Vitellius,
687 2832 846 2898 famosum
854 2832 1071 2917 invisumque,

69 2909 271 3011 Vespasianus
286 2928 410 3004 egerat:
433 2918 564 3002 perinde
586 2918 666 2984 socii
690 2919 729 2983 de
744 2919 794 2982 lm
835 2919 882 2982 rio
903 2918 1071 3002 utriusque

69 3001 300 3079 conjectabant:
323 3003 379 3067 sed
394 3005 646 3086 experimentum
661 3004 772 3068 contra
798 3004 856 3068 uit.

103 3084 246 3152 xcvln.
269 3089 319 3153 Ac
346 3089 449 3173 primo
472 3089 618 3155 Valerius
641 3089 767 3168 Festus,
792 3089 940 3175 Legatus,
963 3088 1071 3156 studia

69 3170 305 3243 provincialium
319 3194 396 3238 cum
410 3173 473 3238 fide
485 3173 590 3257 juvit:
613 3194 690 3240 mox
708 3175 848 3251 nutabat,
870 3175 975 3257 palim
988 3175 1069 3259 epis·

69 3252 130 3316 tolis
143 3256 314 3341 edictisque
329 3260 505 3341 Vitellium,
529 3259 664 3325 occultis
689 3260 811 3325 nuntiis
825 3259 1067 3344 Vespasianum,

71 3331 176 3423 fovens,
192 3353 223 3406 et
238 3344 308 3408 hac
319 3346 417 3409 illave
428 3345 627 3425 defensurus,
658 3355 730 3409 rout
741 3345 961 3409 invaluissent.
1004 3347 1068 3411 De·

71 3425 203 3499 prehensi
218 3448 295 3493 cum
316 3430 416 3494 literis
429 3430 605 3515 edictisque
649 3430 815 3514 espasiani,
839 3450 894 3514 per
909 3431 1068 3498 Rhatiam

72 3509 235 3602 ettGallias,
250 3517 389 3581 militum
404 3528 435 3581 et
451 3518 682 3582 Centurionum
693 3516 834 3600 quidam,
849 3514 889 3578 ad
902 3516 1068 3582 Vitellium

73 3597 154 3678 mimi,
169 3611 338 3667 necantur:
361 3604 468 3685 plures
483 3600 631 3682 fefellere,
646 3601 708 3666 fide
727 3603 912 3679 amicorum,
926 3609 982 3663 aut
996 3619 1068 3663 suo·

73 3688 127 3743 met
140 3696 206 3754 astu
220 3687 382 3756 occultati.
426 3688 476 3754 Ita
483 3687 605 3837 Ἦῑεὲιίἱ
620 3696 747 3772 parents
760 3685 981 3762 noscebantur,
993 3683 1069 3746 Vas·

277 3793 281 3802 .
573 3775 588 3805 ἦ
