2392 4050
125 164 187 229 124
487 148 815 232 O.Coau.'1⁸acrr1‘
938 166 992 255 [A.
1007 166 1048 231 U.
1062 165 1130 232 822.

123 337 240 402 liberis.
284 337 364 402 Erat
377 337 425 403 illi
440 349 470 404 et
483 336 567 403 sessa
580 349 673 404 astate
687 358 802 423 parens
814 359 821 419 3
844 358 915 421 quae
930 347 1047 420 tamen,
1061 358 1131 422 pau-

123 423 170 488 cis
185 423 260 487 anth
273 423 394 503 diebus,
409 425 588 507 opportuna
603 436 702 490 morte
713 424 877 489 excidium
890 424 1004 489 dombs
1018 445 1131 509 preate-

123 508 181 589 nit,
197 509 279 574 nihil
295 508 482 592 Principum
496 510 556 574 filii
577 524 730 589 assecuta,
746 509 810 573 nisi
835 511 960 573 luctum
977 520 1009 574 et
1022 512 1130 574 bonam

122 594 249 677 famam.
293 593 545 664 Quintodecimo
559 595 724 661 Kalendas
738 594 884 660 Januarii
906 595 1017 659 audita
1035 594 1130 658 desec-

124 681 209 746 tione
223 679 358 765 legionis
372 680 623 765 cohortiumque,
642 700 715 763 quae
739 700 775 743 se
788 679 917 745 Narniae
941 680 1128 757 dediderant,
1176 748 1177 751 Ἴ

121 767 212 849 pullo
226 767 346 829 amictu
368 765 486 849 palatio
509 766 705 868 degreditur,
728 765 840 830 rnoesta
861 764 986 830 circum
1008 765 1129 830 familia

122 852 228 916 Simul
244 851 402 916 ferebatur
424 852 574 917 lecticula
595 853 752 935 parvulus
766 851 864 931 fillus,
877 852 971 915 velut
994 852 1029 916 in
1047 851 1131 915 fune

122 937 212 1001 brem
225 955 383 1020 pompam.
427 938 530 1002 Voces
549 937 661 1021 populi
685 936 810 1001 blandae
831 947 863 1001 et
883 936 1129 1022 intempestiva:

122 1022 215 1087 milas
227 1020 348 1086 minaci
358 1022 495 1087 silentio.
1176 1064 1177 1071 κ

165 1106 318 1172 LXVIII.
342 1107 410 1172 Nec
423 1107 595 1192 quisquam
609 1107 689 1171 adeb
712 1125 821 1171 rerum
844 1106 1059 1172 humanarum
1079 1107 1129 1169 irn
1176 1104 1177 1183 ζ

71 1198 74 1209 ’
121 1211 252 1272 memor,
281 1211 379 1275 quom
404 1212 471 1257 nou
500 1204 714 1259 commoveret
736 1193 794 1256 illa
815 1192 931 1257 facies:
954 1191 1129 1257 Romanum
1176 1188 1177 1271 Ῑ

121 1277 314 1360 Principem,
328 1288 361 1342 ct
385 1279 511 1364 generis
532 1277 669 1343 humani
685 1278 782 1361 paulb
802 1279 876 1342 ante
889 1276 1068 1358 dominum,
1088 1297 1129 1340 re

121 1364 197 1429 lictd
211 1362 346 1428 fortunae
361 1384 427 1429 sita
442 1364 525 1443 sede,
540 1382 596 1446 per
606 1366 772 1447 populum,
787 1382 843 1446 per
857 1364 981 1443 urbem,
995 1363 1080 1428 exire
1093 1362 1128 1427 de

121 1449 269 1533 Imperio.
313 1449 403 1514 Nihil
428 1451 492 1513 tale
506 1448 663 1530 viderant,
686 1449 770 1514 nihil
794 1448 971 1513 audierant.
1016 1448 1129 1532 Repen-

120 1536 189 1599 tina
199 1533 249 1598 vis
262 1534 459 1599 Dictaturam
471 1535 630 1598 Caesarem
641 1544 855 1619 oppresserat3
871 1534 1010 1598 occulta
1021 1534 1128 1597 Gaium

119 1620 263 1685 insidiae:
285 1638 351 1684 uox
372 1620 428 1684 eti
475 1630 565 1684 otum
589 1638 644 1684 rus
669 1619 782 1704 fugam
803 1618 942 1683 Neronis
964 1618 1129 1683 absconde

120 1717 209 1772 rant:
232 1706 307 1769 Piso
328 1715 360 1770 et
385 1707 490 1769 Gaba
508 1715 662 1789 tanquam
685 1705 718 1768 in
743 1706 812 1769 acie
834 1703 996 1769 cecidere:
1017 1704 1050 1769 in
1073 1702 1127 1767 sub
1176 1734 1177 1783 ,

120 1793 276 1857 concione
303 1790 461 1871 Vitellius,
491 1792 574 1853 inter
602 1809 678 1854 suos
708 1790 834 1871 milites,
863 1789 1127 1873 prospectantibus

119 1879 216 1944 etiam
229 1876 378 1956 foerninis,
400 1896 504 1960 pauca
525 1886 556 1940 et
578 1876 726 1959 prasenti
748 1874 903 1942 moestitiae
926 1874 1127 1965 congruentia

120 1965 268 2030 locutus:
292 1962 429 2028 ‘Cedere
452 1981 486 2026 se
501 1961 589 2045 pacis
611 1971 643 2028 et
666 1961 861 2046 Reipublicae
885 1960 1127 2026 caus'a'ffeti'n'e‘-

120 2058 192 2115 rent
207 2049 329 2113 tanthm
342 2048 529 2113 memoriam
550 2047 611 2128 sui,
633 2047 834 2132 fratremque,
856 2057 888 2112 et
912 2047 1081 2135 conjugem
1100 2054 1126 2108 et

120 2134 289 2204 iunoniam
304 2132 478 2197 liberorum
491 2142 617 2198 aetatem
637 2134 864 2199 miserarentur
876 2134 894 2197 :’
914 2134 1012 2197 simul
1031 2131 1124 2195 fillum

120 2217 322 2304 protendens,
341 2216 436 2282 rnodb
453 2217 482 2281 si
538 2217 603 2300 rlis,
616 2218 713 2283 modb
726 2218 883 2284 universis
898 2217 1123 2294 commendans,

119 2304 278 2388 postremo
292 2302 370 2368 fletu
385 2237 609 2387 prepedignae,
632 2304 792 2368 assistenti
815 2303 949 2368 Consuli
974 2302 1124 2390 (Cacibus

120 2390 267 2473 Simplex
281 2389 361 2475 crat)
375 2392 560 2455 exsolutum
574 2410 593 2452 a
605 2389 703 2453 latere
716 2390 900 2476 pugionem,
914 2389 1005 2453 vclnt
1016 2389 1067 2469 jus
1078 2406 1124 2450 ne

120 2476 167 2541 cis
181 2476 321 2558 vitaque
336 2474 468 2556 civium,
492 2474 651 2539 reddebat.
693 2477 892 2558 Aspernante
916 2475 1065 2553 Consule,
1083 2491 1122 2535 re

121 2561 343 2640 clamantibus,
358 2560 464 2645 quiin
485 2560 640 2626 concione
665 2561 837 2639 astiterant,
861 2569 898 2623 ut
921 2558 955 2623 In
971 2560 1038 2624 aede
1052 2560 1122 2624 Con·

121 2644 237 2720 cordia,
307 2645 411 2710 iturus
425 2644 566 2731 insignia
580 2645 720 2728 Imperii,
731 2645 928 2728 domumque
941 2644 1046 2710 fratris
1058 2641 1124 2728 peti

120 2743 222 2810 turus,
259 2729 390 2795 iscessit.
403 2787 404 2792 ,
418 2729 522 2811 Major
532 2729 586 2794 hio
598 2730 951 2796 clamorobsistentium
962 2730 1123 2795 Penatibus
1172 2797 1175 2804 Δ

41 2875 45 2886 ,
119 2815 260 2901 privatis,
284 2815 336 2879 ‘in
361 2815 525 2899 palatium’
552 2816 748 2880 vocantium.
803 2816 1021 2881 Interclusum
1045 2812 1123 2880 aliud

119 2904 189 2984 iter,
204 2901 301 2987 idque
317 2901 433 2981 solum,
444 2899 531 2984 quod
540 2901 576 2965 in
589 2901 723 2966 Sacram
730 2901 818 2967 riam
828 2912 982 2987 pergeret,
994 2902 1121 2986 patebat:

20 3059 21 3064 ἵ
118 2999 191 3064 turn
204 2987 331 3054 consilii
345 2987 446 3071 inops,
462 2986 496 3051 in
509 2987 665 3071 palatium
680 2986 782 3052 rediit.

20 3109 22 3158 ;
106 3075 140 3146 s}
159 3071 289 3156 thx,
307 3073 512 3139 Praevenerat
525 3092 646 3150 rumor,
669 3071 803 3160 ‘ejurari
825 3072 866 3136 ab
878 3092 916 3137 eo
931 3070 1123 3156 Imperium:¹

120 3153 352 3243 scripseratque
367 3161 503 3225 Flavius
526 3158 666 3224 Sabinus
688 3158 870 3222 cohortium
891 3157 1058 3235 Tribunis,
1080 3163 1124 3220 ‘ut

119 3244 257 3309 militam
268 3244 474 3332 pobiberent.’
516 3244 641 3331 igitur,
651 3253 806 3327 tauquam
819 3243 926 3307 omnis
941 3242 1123 3328 Respublica

20 3357 22 3372 >
119 3330 155 3395 in
169 3329 356 3411 Vespasiani
370 3331 480 3393 sinum
493 3330 648 3410 cessisset,
663 3329 816 3413 primores
841 3329 976 3394 Senatus
996 3340 1029 3394 et
1041 3325 1123 3411 pleri-

20 3425 22 3504 }
119 3434 183 3498 que
196 3414 364 3496 Equestris
377 3414 508 3493 ordinis,
522 3415 691 3498 omnisque
708 3414 802 3479 miles
816 3415 960 3479 urbanus
973 3423 1006 3477 et
1020 3413 1123 3499 vigilas

20 3509 21 3512 ’
118 3500 252 3565 domum
266 3497 372 3562 Flavii
386 3497 499 3563 Sabini
512 3500 735 3584 complevere:
758 3499 837 3564 illuc
859 3497 900 3562 de
913 3499 1028 3564 studiis
1042 3497 1122 3583 vulgi

119 3596 151 3650 et
174 3582 270 3648 ruinis
296 3583 563 3648 Germanicarum
591 3584 774 3649 cohortium
801 3585 940 3650 affertur.
990 3584 1121 3670 Longibs

115 3667 184 3749 jam
197 3686 382 3758 progressus
397 3675 473 3748 crat,
482 3668 582 3755 quim
593 3679 632 3734 ut
645 3669 770 3758 regredi
784 3682 907 3758 posset:
928 3684 961 3738 ct
974 3689 1034 3738 suo
1047 3669 1121 3758 quis·
