2392 4050
82 182 116 250 t.
129 184 161 250 G.
176 186 237 275 uu]
342 186 492 252 Hrsroa.
506 185 586 252 Lm.
600 183 778 252 Treueros.
1013 183 1075 249 131

127 357 146 420 't
158 368 258 442 grates
273 357 433 439 Vitellius,
447 369 479 423 et
492 357 550 423 ‘ed
564 357 718 424 tuendam
729 357 843 422 urbem
863 359 1078 441 prorumperc’

76 440 108 523 ju
156 490 163 505 .
203 443 291 523 Mox,
306 453 419 510 vocato
433 442 565 526 Senatu,
578 443 766 529 deliguntur
788 441 884 529 legati
905 440 946 506 ad
959 443 1078 510 eremi-

79 538 131 608 tus,
143 537 177 593 ut
186 539 339 612 praetexto
353 528 550 613 Reipublicae
565 528 770 594 concordiam
821 545 954 610 cemqne
967 526 1079 592 suade·

78 624 146 678 rent.
189 614 285 678 Varie
299 615 476 700 legatorum
490 634 559 678 sors
573 613 644 680 fuit.
685 612 758 685 Qui
828 612 884 677 ilio
896 611 1014 678 Ceriali
1028 632 1080 678 oe·

78 710 237 779 currerunt,
251 711 434 766 extremum
447 698 620 765 discrimen
643 698 759 778 adiere,
774 706 962 781 aspernante
976 696 1080 768 milite

77 783 263 850 conffltiones
274 786 379 868 pacis:
393 786 581 851 minaretur
592 786 720 864 Praetor,
732 785 895 848 Arulenus
905 782 1078 849 Rusticus:

77 869 155 933 auxit
168 870 333 950 invidiam,
346 890 442 954 snper
451 870 610 935 violatum
621 869 717 957 legati
729 868 860 933 Praetori
897 886 1078 950 nonomen,

76 956 189 1042 proprie
206 954 349 1042 dignatio
360 956 441 1020 viri:
464 957 613 1040 peluntur
632 953 783 1020 comites:
804 954 874 1019 oeci
899 952 962 1018 'tur
975 955 1080 1038 proxi·

76 1057 138 1103 nus
159 1041 260 1119 lictor,
275 1041 437 1105 dimovere
460 1042 588 1106 turbam
610 1059 725 1105 misus:
747 1048 787 1119 et,
802 1039 838 1104 ni
861 1038 937 1103 dato
951 1059 975 1103 a
987 1038 1079 1106 Duce

75 1125 210 1204 prasidio
224 1125 346 1191 defensi
367 1125 479 1206 forent,
493 1146 622 1191 sacrum
646 1126 743 1190 etiam
765 1123 799 1189 in
822 1135 946 1189 externa
967 1136 1079 1212 gentes

74 1208 240 1295 legatorum
250 1210 315 1293 jus,
326 1224 399 1277 ante
409 1213 478 1295 ipsu
488 1212 597 1295 patriae
609 1211 736 1290 moenia,
747 1208 853 1275 civilis
864 1210 966 1274 rabies
976 1229 1079 1294 usque

74 1291 250 1361 inexilium
263 1297 454 1362 temerisset.
498 1297 708 1382 AEquioribus
722 1295 838 1362 animis
857 1295 979 1379 accepti
993 1307 1079 1375 sunt,

74 1380 168 1460 qniad
183 1383 365 1448 Antonium
378 1393 540 1465 venerant,
554 1383 710 1467 nunquia
725 1380 895 1448 modestior
905 1381 1008 1463 miles,
1022 1380 1080 1446 sed

75 1462 148 1529 Duei
163 1470 239 1551 plus
253 1467 459 1533 auctoritatis.

65 1597 78 1651 Ι
107 1550 261 1620 LXXXI.
283 1553 457 1619 Miscuerat
468 1574 505 1619 se
518 1553 631 1640 legatis
642 1552 813 1618 Musonius
827 1549 944 1631 Rufras,
956 1551 1080 1635 Eques

72 1635 120 1699 tris
142 1638 273 1720 ordinis,
296 1638 439 1703 studium
462 1639 674 1724 philosophie
699 1647 730 1703 et
753 1638 871 1722 placita
896 1636 1080 1702 Stoicorum

61 1665 191 1818 ignaru
244 1747 252 1788 :
275 1725 503 1808 sumebatque,
557 1726 695 1790 rmixtus
709 1722 891 1807 manipulis,
907 1722 1008 1788 ‘bona
1025 1742 1080 1805 pa·

71 1824 112 1871 crs
130 1829 166 1873 ee
225 1809 262 1873 lli
287 1808 482 1874 discnmina’
528 1812 672 1890 isserens,
695 1818 834 1872 armatos
855 1826 995 1872 monere.
1038 1805 1078 1872 ld

71 1892 222 1992 plerisque
236 1895 386 1974 ludibrio,
400 1896 547 1978 pluribus
561 1894 676 1960 taedio:
697 1912 759 1958 nee
778 1892 918 1972 deerant,
932 1892 989 1988 qui
1009 1910 1080 1975 pro·

69 1980 214 2073 pellerent
228 1981 521 2065 proculcarentque,
535 1981 580 2063 ni,
595 1978 761 2047 admonitu
777 1976 1000 2043 modestissimi
1024 1995 1080 2042 cu·

68 2082 186 2149 jusque,
200 2076 232 2130 et
246 2067 318 2132 aliis
332 2066 560 2147 minitantibus,
575 2067 733 2133 omisisset
754 2063 1009 2147 intempestivam
1031 2083 1081 2126 sa·

71 2149 226 2232 pientiam.
271 2151 384 2216 Obvia
398 2150 487 2219 inbre
501 2163 533 2216 et
546 2153 688 2240 virgines
700 2151 841 2217 Vestales
850 2168 928 2214 cum
937 2148 1081 2233 epistolis

72 2235 195 2316 Vitellii,
210 2237 252 2302 ad
266 2237 445 2304 Antonium
459 2238 603 2322 seriptis:
626 2237 741 2304 ‘eximi
752 2254 901 2320 supremo
912 2235 1079 2301 certamini

71 2336 169 2387 unum
182 2321 276 2388 diem’
291 2324 486 2407 postulabat:
510 2323 554 2387 ‘si
566 2343 690 2389 moram
703 2321 940 2403 interjecissent,
955 2320 1080 2385 facilius

71 2408 172 2471 omniu
194 2410 410 2474 conventura!
453 2407 603 2494 Virgines
617 2428 694 2474 cum
713 2408 834 2472 bonore
847 2405 1004 2471 dimissa:
1027 2407 1080 2471 Vi·

72 2493 152 2557 tellio
167 2495 365 2578 rescriptum,
382 2493 511 2559 ‘Sabini
532 2494 620 2561 caede
640 2504 672 2558 et
693 2492 843 2559 incendio
869 2491 1010 2575 capitolii
1035 2490 1080 2555 di-

72 2589 165 2642 remla
177 2579 254 2643 belli
268 2578 477 2645 commercia’

109 2664 282 2732 LXXXII.
306 2663 461 2729 Tentavit
471 2676 577 2730 umen
591 2664 753 2730 Antonius
766 2672 895 2727 vocatas
906 2661 946 2726 ad
955 2661 1082 2727 concio

71 2763 140 2813 nem
150 2750 293 2837 legiones
303 2750 456 2848 mitigare,
469 2759 531 2831 tut,
543 2751 654 2815 castris
666 2749 760 2831 juxta
773 2758 903 2834 pontem
914 2747 1081 2813 Mulvium

74 2835 185 2916 positis,
211 2835 334 2920 posteri
354 2835 406 2901 dre
430 2837 543 2902 urbem
565 2835 825 2921 ingrederentur!
867 2832 962 2897 Retio
983 2852 1081 2898 eune·

73 2921 165 3001 tandi,
179 2940 219 2985 ne
234 2934 397 3005 asperatus
407 2922 515 3004 praelio
527 2915 627 3002 risiles,
639 2941 704 2986 non
717 2921 845 3004 populo,
857 2936 921 2983 non
934 2917 1080 2996 Senatui,

74 3021 111 3067 ne
125 3008 248 3091 templis
261 3006 393 3090 qnidam
407 3026 446 3072 ac
459 3007 601 3073 delubris
616 3007 760 3071 Deorum
781 3004 970 3069 consuleret.
1014 3001 1080 3068 Sed

74 3107 196 3156 ornnem
209 3092 428 3176 prolationem,
444 3105 480 3156 ut
498 3091 663 3157 inimicam
683 3089 834 3171 victoria,
848 3088 1080 3170 suspectabant.

75 3173 174 3241 Simul
193 3176 355 3262 ⁴fulgentia
379 3197 435 3260 per
459 3179 559 3244 eolles
581 3177 710 3258 vexilla,
735 3192 921 3260 quanquam
943 3173 1081 3240 imbellis

75 3263 205 3343 populus
229 3274 424 3346 sequeretur,
439 3263 578 3349 speciem
603 3262 729 3328 hostilis
751 3259 908 3325 exercitiis
931 3257 1079 3325 fecerant.

78 3344 244 3429 'l'ripartito
265 3350 403 3432 agmine,
417 3368 498 3434 pars,
512 3361 550 3415 ut
563 3349 711 3430 astiterat,
735 3346 899 3413 Flaminia
922 3346 986 3428 rii,
1009 3364 1082 3428 pars

73 3428 160 3511 juxta
179 3436 281 3518 ripam
296 3435 425 3499 Tiberis
448 3435 595 3519 insessit3
619 3436 748 3500 tertium
773 3452 887 3521 agmen
911 3451 967 3515 per
992 3431 1083 3496 Sala·

76 3516 150 3583 riam
164 3521 296 3586 Collinae
311 3530 409 3604 porta
425 3520 664 3604 propinquabat.
708 3519 803 3585 Plebs
820 3518 956 3582 invectis
969 3516 1082 3597 equiti-

76 3600 130 3665 bus
142 3604 230 3673 ursa:
245 3607 336 3672 miles
345 3605 538 3671 Vitellianus
549 3606 640 3673 trinis
650 3616 682 3669 et
691 3605 758 3687 ipse
769 3603 922 3688 presidiis
932 3598 1080 3688 occurrit.

77 3685 183 3756 Prelia
195 3704 268 3759 ante
282 3692 397 3757 urbem
407 3693 509 3761 multa
518 3701 550 3756 et
560 3690 667 3757 veria:
689 3688 746 3754 sed
760 3686 936 3764 Flavianis,
947 3680 1096 3744 oonsilio·
