2392 4050
102 103 145 170 80
405 101 409 120 '
457 104 495 170 0.
512 104 624 171 Gonu.
640 102 779 170 Tacina
925 103 977 193 [A.
994 105 1034 171 U.
1048 104 1128 173 822.

101 276 187 343 bello
197 276 321 342 semina
335 275 513 356 ministrat:
535 275 657 362 siquid
678 277 800 343 ardoris
824 298 862 342 ac
885 275 1012 343 ferooie
1026 279 1121 343 miles

101 363 224 443 habuit,
245 364 374 461 popinis
395 371 427 428 et
452 362 765 428 commissationibus
788 372 820 426 et
845 363 1004 449 Principis
1019 364 1123 445 imita5

101 449 188 513 none
203 448 365 515 detentus.
410 448 517 513 Tibie
532 448 647 514 Judaet
660 458 691 513 et
702 447 797 534 syris
807 450 892 513 etAE
960 461 993 514 to
1003 468 1122 515 norem

101 534 245 621 legiones
260 535 325 600 inte
349 553 400 615 re,
415 534 508 599 nulli
522 534 590 599 acie
605 536 783 614 exhaustae,
797 553 865 598 non
904 534 1041 599 iscordiia
1055 555 1124 612 cor,

101 631 223 704 rupta:
245 620 302 684 sed
317 555 462 684 dunatus
475 639 539 684 usu
554 621 657 702 miles,
680 632 711 685 et
734 618 809 685 belli
824 620 962 685 domitor
976 621 1121 685 externi:

101 706 264 786 classium,
280 707 415 786 almum,
429 704 612 771 cohortium
626 708 757 791 robora;
780 714 811 771 et
825 704 973 771 fidissimi
996 706 1121 793 Reges:

100 802 133 856 et
147 803 204 856 tua
218 801 291 856 ante
306 810 418 856 omnes
429 790 635 875 experientia

144 876 315 944 LXXVIL
337 876 457 942 ‘Nobis
471 875 554 941 nihil
578 878 664 943 ultre
686 877 850 964 errogabo,
873 878 971 964 quim
992 895 1035 941 ne
1049 888 1121 961 post

101 961 271 1027 Valentem
292 983 329 1028 ac
353 962 517 1028 decinam
540 981 760 1028 numeremur.
804 962 854 1028 Ne
877 973 983 1028 tamen
997 962 1121 1032 Mucia-

100 1066 182 1111 num
198 1047 325 1133 melum
337 1048 503 1131 spreveris,
525 1052 605 1131 qula
618 1050 778 1114 aemulum
790 1067 857 1112 non
872 1046 1047 1133 experiris:
1070 1067 1121 1112 me

101 1133 232 1198 Vitellio
251 1141 420 1231 antepono,
441 1144 472 1198 te
487 1133 578 1198 milri.
622 1134 707 1200 Tuae
729 1133 841 1232 domni
855 1134 1053 1232 triumphale
1067 1153 1122 1231 no
1176 1177 1177 1204 ,

100 1237 185 1300 men,
196 1217 262 1285 duo
269 1237 415 1300 Juvenes,
431 1239 535 1304 capax
545 1219 614 1302 jam
624 1219 754 1304 imperit
767 1220 856 1299 alter,
867 1230 899 1283 et
912 1238 1024 1318 prinus
1039 1220 1121 1284 milr-
1176 1245 1177 1312 p

100 1304 151 1371 tia
180 1305 275 1370 annis
303 1302 390 1388 apud
419 1306 629 1371 Gennauicos
652 1324 781 1392 quoque
818 1315 979 1370 exercitus
1001 1304 1121 1369 clarus.
1176 1319 1177 1324 ’

101 1388 287 1456 Absurdum
311 1388 419 1472 suerit,
432 1409 505 1455 non
531 1390 643 1458 cedere
668 1390 807 1475 Imperio
832 1391 871 1471 ei,
897 1390 991 1472 cujus
1012 1389 1121 1454 tilium
1176 1413 1177 1462 ξ

100 1475 309 1559 adoptaturus
336 1494 448 1557 essem
478 1476 598 1562 siipse
622 1478 820 1562 imperarem.
865 1477 1012 1542 Ceterdm
1037 1476 1120 1541 inter

99 1579 160 1626 nos
174 1579 241 1626 non
266 1560 353 1646 idom
377 1580 603 1646 prosperarum
626 1562 895 1645 adversarumque
919 1582 1025 1628 rerum
1041 1560 1120 1625 ordo

75 1641 170 1711 serit.
213 1648 308 1729 Nam,
323 1646 351 1713 si
364 1646 535 1729 vincimus,
547 1650 711 1730 honorem,
721 1666 820 1732 quem
830 1646 964 1729 dederis,
977 1647 1119 1712 habebo:

98 1729 272 1798 discrimen
288 1752 325 1797 ac
344 1733 490 1817 pericula
507 1753 549 1799 ex
571 1753 675 1819 sequo,
701 1735 857 1798 atiemut:
880 1732 990 1814 immo,
1005 1743 1042 1798 nt
1057 1753 1120 1798 me·

99 1817 165 1883 lius
179 1827 235 1900 est,
250 1828 285 1884 tu
300 1818 360 1884 hos
370 1819 531 1884 exercitus
546 1839 561 1883 r
608 1820 613 1835 '
632 1832 650 1903 3·
698 1819 745 1883 illi
758 1818 881 1883 belltun
892 1829 923 1882 et
933 1819 1119 1904 praeliorum

99 1901 224 1969 incerta
237 1902 546 2000 tradespAcriorah
593 1906 622 1968 ie
646 1904 820 1989 disciplinis
839 1885 927 1987 afficti,
941 1907 1039 1988 qulam
1055 1905 1120 1969 vio·

99 1999 183 2056 tores
198 2000 318 2077 agunt:
341 1985 472 2072 hos'ira,
493 1991 614 2073 odium,
635 1991 769 2058 ultionis
790 1988 948 2075 cupiditas
964 1990 1004 2056 ed
1018 1989 1119 2055 virtu·

99 2084 167 2141 tem
179 2075 344 2142 accendit:
366 2076 424 2157 illi,
439 2096 496 2161 per
509 2075 675 2143 fastidium
688 2087 722 2153 et
741 2078 985 2158 contumaciam,
1007 2076 1119 2140 hebes

99 2170 187 2226 cunt
231 2162 362 2245 Aperiet
380 2170 413 2225 et
433 2162 576 2245 recludet
591 2163 802 2229 coniectast
823 2163 1031 2228 tumescentia
1054 2163 1118 2228 vic·

99 2245 230 2312 tricium
243 2247 384 2332 partium
396 2248 668 2341 vulnerabellurp
682 2249 818 2349 ipsum,
842 2247 911 2325 Nec
925 2249 1006 2353 multi
1017 2247 1118 2329 major

90 2334 134 2396 'in
149 2332 206 2398 tut
220 2332 400 2419 vigilantii,
415 2334 618 2421 parsimonia,
632 2335 798 2435 sapientiai,
813 2322 932 2399 ltdu'ctt
945 2320 1002 2417 esi,
1019 2336 1079 2418 qu*

98 2418 134 2483 in
146 2419 266 2485 Vitellii
282 2420 414 2505 toipore,
440 2419 577 2501 inscitia,
603 2422 737 2488 aetitia:
779 2418 844 2488 Sed
857 2431 889 2485 et
903 2420 1070 2486 meliorem
1083 2420 1116 2483 in

99 2507 185 2572 bello
199 2524 341 2586 causam,
365 2505 464 2589 quim
484 2505 518 2573 iu
531 2525 611 2637 pace
626 2509 800 2573 habemus:
822 2526 901 2573 nam
921 2505 979 2591 qui
1001 2506 1116 2572 delibe

98 2603 180 2672 rant,
196 2590 439 2657 desciveruntt
504 2596 522 2627 ·‘

142 2676 333 2744 LXXVIII.
355 2677 433 2741 Post
458 2677 605 2743 Muciani
629 2679 806 2746 orationem
830 2676 927 2744 ceteri
948 2678 1115 2746 audentirls

99 2763 341 2844 circumsistere,
356 2762 485 2844 hortari,
501 2768 665 2849 ‘responsa
674 2775 786 2831 vatum
800 2775 833 2830 et
846 2765 989 2829 siderum
1001 2770 1115 2832 motust

68 2877 70 2881 ’
94 2848 225 2937 reterre.
270 2850 339 2931 Nec
352 2848 572 2919 eratintactus
589 2851 647 2914 tali
661 2852 893 2935 superstitione,
907 2851 1014 2935 utqui
1029 2872 1118 2935 mox:

54 2991 58 3009 ,
99 2954 208 3003 rernm
221 2934 381 3014 dominus,
393 2934 569 3001 Seleucum
578 2936 749 3021 quendam,
762 2934 1033 3018 mathematicum,
1050 2959 1113 3003 rec-

99 3032 201 3089 torem
215 3033 246 3087 et
261 3021 432 3106 praescium
446 3022 727 3107 palinkhabuerit.
771 3022 991 3086 Recurnabant
1006 3025 1122 3089 animo*

99 3122 207 3173 vetera
221 3109 349 3174 omina:
372 3126 542 3191 cupressus
557 3109 650 3174 arbor
671 3108 705 3172 in
728 3109 813 3196 agris
835 3106 913 3188 ejus,
939 3109 1111 3192 conspicut

99 3193 277 3274 altitudine,
292 3194 422 3278 repent'e
437 3194 633 3277 prociderat,
657 3212 694 3256 ac
705 3194 834 3292 posterla
846 3193 907 3273 die,
922 3193 1035 3260 codem
1046 3216 1112 3261 ves·

35 3317 42 3331 ·
99 3279 179 3367 tigio
194 3298 372 3367 resurgens,
387 3298 517 3362 procera
527 3291 559 3345 et
571 3278 666 3343 latior
680 3281 822 3344 virebat:
844 3278 966 3366 grande
980 3278 1014 3344 id
1029 3300 1110 3364 pros

99 3384 286 3465 pemmque,
310 3381 469 3429 consensu
492 3364 731 3447 Haruspicum:
753 3374 786 3429 et
805 3380 933 3433 summa
957 3358 1109 3431 claritudo

61 3505 64 3509 .
96 3449 211 3533 juveni
227 3446 400 3512 admodum
423 3446 617 3530 Vespasiano
639 3448 804 3532 ptomissa.
847 3450 911 3515 Sed
960 3452 1041 3516 rimd
1062 3451 1110 3518 tri-

33 3534 38 3543 '
69 3524 266 3614 *ampliatis
280 3545 312 3597 et
337 3531 532 3595 Consulatus
554 3542 585 3596 et
610 3532 750 3601 Judaicae
774 3536 914 3603 victoriae
932 3470 1041 3618 decus,
1057 3538 1110 3602 im·

22 3700 29 3722 ἱ
99 3617 205 3700 plesse
219 3615 317 3682 fidem
331 3614 449 3679 ominis
458 3615 669 3684 videbantur:
691 3629 728 3683 ut
742 3620 811 3687 haeo
825 3621 958 3707 adeptus
971 3634 1028 3707 est,
1043 3643 1109 3710 por·
