2392 4050
128 224 192 292 104
481 224 802 291 O.Coau.'1'scrr1
901 320 903 325 Ι
949 224 999 312 [Δ.
1015 224 1052 289 U.
1064 224 1126 290 822.

125 397 232 463 Galbi
246 398 435 482 conscripta
479 398 588 463 Occisi
599 418 657 463 sex
670 398 848 482 primorum
859 396 1013 464 ordinum
1026 397 1124 460 cenn-

124 484 250 551 rioues:
273 485 403 569 abrepta
423 485 571 569 quadam
596 482 710 570 signa:
733 485 836 567 ipsam
859 484 1003 566 aquilam
1024 483 1124 546 Atilius

125 570 238 651 Verus,
253 570 406 654 primipili
433 570 597 649 Centurio,
613 571 716 634 multi
729 590 806 635 cum
822 570 966 635 hostium
986 580 1088 655 strage,
1099 577 1125 630 et

124 655 166 721 ad
180 667 359 721 extremum
371 656 519 737 moriens,
533 667 727 720 servaverat.
795 688 797 691 ·

167 741 296 808 XXIII.
326 740 488 807 Sustinuit
512 742 675 806 labantem
702 741 806 806 aciem
834 741 1005 822 Antonius,
1032 738 1125 804 accitis
1165 798 1166 817 ἶ

84 898 92 913 ‚
124 827 349 910 Praetorianis3
372 826 439 909 qui,
460 827 517 891 ubi
531 827 687 909 excepere
702 846 854 912 pugnam,
869 828 996 911 pellunt
1010 828 1124 902 hostem,
1165 826 1166 901 ζ

87 922 90 929 ’
124 912 201 977 dein
216 913 404 997 pelluntur„
435 912 581 996 Namque
597 912 761 978 Vitelliani
776 924 933 976 tormenta
944 913 979 976 in
996 931 1125 997 aggerem
1165 948 1166 965 2

123 998 188 1064 riae
203 1001 414 1070 contulerant,
427 1009 465 1062 ut
478 999 543 1062 tela
557 1016 662 1064 racuo
677 1013 771 1083 atque
786 1010 893 1081 aperto
906 1007 1125 1074 excuterentur,

47 1150 50 1157 ,
123 1083 377 1170 dispersaprimb
388 1094 420 1147 et
429 1083 574 1164 arbustis,
585 1084 654 1148 sine
666 1084 809 1148 hostium
817 1083 911 1163 noxa,
924 1083 1018 1147 illisa
1053 1082 1126 1166 blag-

123 1168 273 1234 nitudine
281 1169 402 1236 eximii
413 1169 668 1252 quintaedecimae
677 1171 813 1257 legionis
822 1169 946 1248 balista,
958 1168 1125 1256 ingentibus

122 1254 211 1320 saxis
225 1254 376 1321 hostilem
397 1256 500 1320 aciem
519 1255 700 1338 proruebat,
724 1255 849 1337 lateque
870 1255 998 1318 cladem
1020 1254 1127 1317 intulis

122 1350 203 1422 sent,
218 1340 253 1405 ni
267 1341 333 1406 duo
357 1340 484 1421 milites,
507 1341 700 1424 praeclarum
724 1340 850 1405 facinus
875 1341 956 1418 ausi,
980 1339 1128 1422 arreptise

122 1437 229 1509 strage
242 1425 343 1490 scutis
357 1425 505 1512 ignorati,
527 1425 637 1490 vincla
654 1446 692 1491 ac
707 1426 897 1490 libramenta
910 1434 1127 1490 tormentonrm

123 1511 350 1577 abscidissem:
372 1511 480 1579 statim
497 1510 638 1576 confossi
660 1523 744 1592 sunt,
760 1512 861 1594 eoque
876 1510 1065 1574 intercidere
1083 1528 1128 1573 no

122 1595 231 1663 mina:
264 1597 306 1661 de
329 1595 415 1662 facto
441 1596 529 1661 haud
556 1598 739 1683 ambigitur.
783 1596 905 1662 Neutro
931 1597 1127 1660 inclinaverat

120 1681 260 1767 fortuna,
273 1683 377 1747 donec
388 1682 498 1764 adulti
512 1694 616 1765 nocte,
628 1685 709 1748 luna
722 1702 857 1768 surgens
868 1682 1047 1748 ostenderet
1057 1680 1128 1745 acies

120 1769 318 1855 falleretque.
362 1769 427 1835 Sed
442 1769 610 1834 Flavianis
622 1768 742 1852 sequior
754 1790 774 1831 a
788 1780 896 1854 tergo:
917 1768 997 1832 hinc
1008 1766 1127 1848 majores

122 1874 281 1939 equorum
294 1855 502 1938 virorumque
517 1855 649 1935 umbrae,
658 1865 690 1917 et
704 1852 794 1934 falso,
810 1855 896 1918 utin
911 1872 1053 1936 corpora,
1064 1853 1126 1928 ictu,
1141 1830 1155 1928 7

121 1943 187 2006 tela
200 1941 342 2007 hostium
363 1942 442 2005 citra
465 1940 640 2004 cadebant:
664 1940 838 2021 Vitelliani,
862 1939 1004 2005 adverso⁴
1018 1937 1126 2003 lumine

122 2029 329 2109 collucentes,
345 2028 435 2091 velut
448 2046 489 2091 ex
503 2029 631 2091 occulto
649 2024 879 2108 jaculantibus,
894 2024 1019 2091 incauti
1033 2024 1127 2090 offere-

32 2113 33 2120 ’
124 2114 252 2178 bantur.

166 2198 290 2264 XXIV.
311 2197 416 2282 Igitur
429 2196 599 2277 Antonius,
614 2197 670 2262 ubi
684 2216 817 2264 noscere
831 2215 908 2260 suos
922 2195 1074 2280 noscique
1083 2207 1136 2277 pe·

32 2317 33 2326 κ
122 2292 211 2364 terat,
226 2283 306 2348 alios
319 2282 440 2366 pudore
452 2293 484 2346 et
498 2282 630 2366 probris,
645 2284 765 2348 multos
777 2282 872 2347 laude
883 2292 915 2345 et
925 2282 1062 2359 hortatu,
1072 2300 1123 2343 om·

32 2447 33 2460 ¹
121 2388 180 2434 nes
194 2387 251 2453 spe
265 2368 492 2454 promissisque
506 2368 694 2448 accendens,
717 2376 796 2432 ‘cur
809 2387 940 2432 rursum
953 2368 1123 2432 sumsissent

123 2456 244 2520 armal’
287 2455 490 2520 Pannonicas
516 2453 661 2540 legiones
683 2454 918 2540 interrogabat:
952 2453 1043 2517 ‘illos
1069 2468 1123 2513 eae
1152 2447 1155 2460 '

32 2589 33 2594 η
123 2560 263 2625 campos,
279 2539 446 2623 inquibus
461 2540 587 2604 abolere
609 2540 716 2604 labem
734 2539 849 2623 prioris
872 2537 1067 2625 ignominie,
1079 2534 1122 2599 ubi

32 2695 33 2714 ,
122 2627 298 2709 reciperare
312 2624 449 2711 gloriam
470 2627 619 2707 possent)
662 2626 755 2689 Tum
773 2625 814 2688 ad
838 2623 989 2688 Moesicos
1010 2640 1123 2687 conver·

122 2731 188 2791 sus,
204 2712 381 2795 ‘principes
396 2719 605 2793 auctoresque
615 2712 700 2776 belli’
715 2711 836 2775 ciebat:
859 2709 992 2792 ‘frustra
1003 2707 1122 2772 miniset

32 2863 33 2874 ,
122 2797 228 2862 verbis
241 2804 428 2881 provocatos
444 2795 642 2877 Vitellianos,
666 2797 694 2859 si
709 2816 826 2861 manus
839 2814 952 2859 eorum
965 2796 1121 2875 oculosque

32 2895 34 2950 4
122 2903 189 2949 non
203 2881 392 2948 tolerarent.²
435 2882 522 2964 Haec,
544 2893 579 2947 ut
599 2901 743 2965 quosque
765 2890 958 2945 accesserat:
981 2881 1071 2963 plura
1090 2874 1121 2938 ad

32 3007 35 3034 r
123 2968 284 3048 tertianos,
300 2977 448 3033 veterum
462 2968 704 3051 recentiumque
719 2966 913 3031 admonens:
936 2977 974 3028 ut
989 2967 1064 3030 ‘sub
1085 2962 1120 3026 Μ.

32 3083 33 3090 ¹
123 3054 264 3204 monio
279 3054 424 3136 Parthos,
439 3056 499 3118 sub
515 3054 700 3117 Corbulone
715 3053 891 3131 Armenios,
902 3071 1005 3134 nuper
1015 3053 1121 3116 Sarma·

192 3141 405 3226 pepulissent!
449 3139 529 3203 Mox
554 3136 710 3203 infensius
735 3137 956 3203 Praetorianis:
980 3137 1064 3200 ‘Vos'
1083 3132 1119 3194 in·

32 3249 33 3260 ¹
123 3225 203 3309 quit,
219 3225 299 3290 ‘nisi
314 3225 453 3306 vincitis,
464 3225 592 3309 pagani,
607 3225 680 3307 quis
695 3224 778 3287 alius
792 3224 975 3307 Imperator,
986 3242 1055 3305 quae
1068 3234 1120 3281 cas

32 3351 35 3394 t
122 3322 172 3377 tra
194 3310 260 3375 alia
281 3311 464 3394 excipienti
486 3310 555 3375 illio
577 3310 672 3397 signa
697 3325 847 3392 armaque
871 3322 977 3372 vestra
999 3316 1075 3384 sunt,
1093 3309 1117 3363 et

33 3401 36 3460 s=
123 3416 210 3461 mors
230 3394 344 3459 victis:
366 3415 443 3459 nam
467 3394 681 3479 ignominiam
704 3394 943 3459 consumsistis!
986 3390 1116 3479 Undique

34 3539 36 3558 ,
123 3482 264 3546 clamor:
287 3489 319 3543 et
332 3479 488 3544 orientem
502 3482 603 3544 solem
614 3480 674 3568 (ita
687 3481 721 3545 in
736 3478 832 3564 Syria
846 3498 915 3544 mos
934 3480 996 3565 est)
1010 3477 1114 3551 tertiam

34 3583 36 3644 3
123 3564 313 3631 salutavere.

32 3647 37 3732 ,¹
102 3669 143 3710 x
167 3650 273 3716 XXV.
295 3649 405 3733 Vagus
420 3646 504 3729 inde,
519 3668 562 3714 an
577 3650 712 3714 consilio
733 3650 837 3715 Ducis
851 3649 998 3714 subditus
1017 3658 1112 3716 rumolt

34 3723 38 3792 ῗ
124 3735 310 3801 ‘advenisse
337 3732 549 3818 Mucianum
592 3735 752 3800 exercitus
783 3736 923 3804 invicem
950 3726 1112 3801 sunum?
