<?xml version="1.0" encoding="UTF-8"?>
<!DOCTYPE html PUBLIC "-//W3C//DTD XHTML 1.0 Transitional//EN"
    "http://www.w3.org/TR/xhtml1/DTD/xhtml1-transitional.dtd">
<html xmlns="http://www.w3.org/1999/xhtml" xml:lang="en" lang="en">
 <head>
  <title>
</title>
<meta http-equiv="Content-Type" content="text/html;charset=utf-8" />
  <meta name='ocr-system' content='tesseract 3.04.00' />
  <meta name='ocr-capabilities' content='ocr_page ocr_carea ocr_par ocr_line ocrx_word'/>
</head>
<body>
  <div class='ocr_page' id='page_1' title='image "./ccorneliitaciti37tacigoog_0300.png"; bbox 0 0 2392 4050; ppageno 0'>
   <div class='ocr_carea' id='block_1_1' title="bbox 69 197 1077 312">
    <p class='ocr_par' dir='ltr' id='par_1_1' title="bbox 69 197 1077 312">
     <span class='ocr_line' id='line_1_1' title="bbox 69 197 1077 312; baseline 0.003 -26"><span class='ocrx_word' id='word_1_1' title='bbox 69 221 104 286; x_wconf 86' lang='grc'>11.</span> <span class='ocrx_word' id='word_1_2' title='bbox 119 222 152 286; x_wconf 85' lang='lat' dir='ltr'>G.</span> <span class='ocrx_word' id='word_1_3' title='bbox 168 222 230 312; x_wconf 84' lang='lat'><strong>69.]</strong></span> <span class='ocrx_word' id='word_1_4' title='bbox 341 222 586 288; x_wconf 76' lang='lat' dir='ltr'>Hrs‘roa.L1a.</span> <span class='ocrx_word' id='word_1_5' title='bbox 603 219 789 294; x_wconf 66' lang='lat' dir='ltr'>Quirinus.</span> <span class='ocrx_word' id='word_1_6' title='bbox 997 197 1077 290; x_wconf 59' lang='lat'>&#39;14⁷</span> 
     </span>
    </p>
   </div>
   <div class='ocr_carea' id='block_1_2' title="bbox 62 393 1159 3817">
    <p class='ocr_par' dir='ltr' id='par_1_2' title="bbox 67 393 1082 736">
     <span class='ocr_line' id='line_1_2' title="bbox 67 393 1079 481; baseline 0.005 -25"><span class='ocrx_word' id='word_1_7' title='bbox 67 403 95 457; x_wconf 91' lang='lat' dir='ltr'>et</span> <span class='ocrx_word' id='word_1_8' title='bbox 119 395 333 462; x_wconf 76' lang='lat' dir='ltr'>tumultuariae</span> <span class='ocrx_word' id='word_1_9' title='bbox 363 396 538 481; x_wconf 78' lang='lat' dir='ltr'>Belgarum</span> <span class='ocrx_word' id='word_1_10' title='bbox 566 395 723 475; x_wconf 74' lang='lat' dir='ltr'>cohortes,</span> <span class='ocrx_word' id='word_1_11' title='bbox 751 393 849 460; x_wconf 89' lang='lat' dir='ltr'>simul</span> <span class='ocrx_word' id='word_1_12' title='bbox 876 411 1079 481; x_wconf 77' lang='lat' dir='ltr'>paganorum</span> 
     </span>
     <span class='ocr_line' id='line_1_3' title="bbox 68 479 1078 567; baseline 0.002 -24"><span class='ocrx_word' id='word_1_13' title='bbox 68 480 261 566; x_wconf 75' lang='lat' dir='ltr'>lixarumque</span> <span class='ocrx_word' id='word_1_14' title='bbox 275 482 403 567; x_wconf 83' lang='lat' dir='ltr'>ignava,</span> <span class='ocrx_word' id='word_1_15' title='bbox 425 480 481 545; x_wconf 87' lang='lat' dir='ltr'>sed</span> <span class='ocrx_word' id='word_1_16' title='bbox 503 499 622 564; x_wconf 84' lang='lat' dir='ltr'>procax</span> <span class='ocrx_word' id='word_1_17' title='bbox 648 490 722 545; x_wconf 89' lang='lat' dir='ltr'>ante</span> <span class='ocrx_word' id='word_1_18' title='bbox 746 479 938 566; x_wconf 87' lang='lat' dir='ltr'>periculum,</span> <span class='ocrx_word' id='word_1_19' title='bbox 953 499 1078 562; x_wconf 84' lang='lat' dir='ltr'>manus,</span> 
     </span>
     <span class='ocr_line' id='line_1_4' title="bbox 67 566 1079 650; baseline 0.003 -23"><span class='ocrx_word' id='word_1_20' title='bbox 67 566 208 631; x_wconf 87' lang='lat' dir='ltr'>omnibus</span> <span class='ocrx_word' id='word_1_21' title='bbox 229 567 329 650; x_wconf 83' lang='lat' dir='ltr'>portis</span> <span class='ocrx_word' id='word_1_22' title='bbox 354 579 537 649; x_wconf 86' lang='lat' dir='ltr'>erumpunt,</span> <span class='ocrx_word' id='word_1_23' title='bbox 563 577 594 630; x_wconf 89' lang='lat' dir='ltr'>et</span> <span class='ocrx_word' id='word_1_24' title='bbox 620 568 760 631; x_wconf 78' lang='lat' dir='ltr'>Batavos</span> <span class='ocrx_word' id='word_1_25' title='bbox 781 585 918 630; x_wconf 88' lang='lat' dir='ltr'>numero</span> <span class='ocrx_word' id='word_1_26' title='bbox 942 567 1079 649; x_wconf 87' lang='lat' dir='ltr'>impares</span> 
     </span>
     <span class='ocr_line' id='line_1_5' title="bbox 68 650 1082 736; baseline 0.003 -24"><span class='ocrx_word' id='word_1_27' title='bbox 68 650 330 717; x_wconf 83' lang='lat' dir='ltr'>circumfundant.</span> <span class='ocrx_word' id='word_1_28' title='bbox 374 652 437 734; x_wconf 87' lang='lat' dir='ltr'>Illi,</span> <span class='ocrx_word' id='word_1_29' title='bbox 452 664 576 716; x_wconf 87' lang='lat' dir='ltr'>veteres</span> <span class='ocrx_word' id='word_1_30' title='bbox 596 651 727 731; x_wconf 85' lang='lat' dir='ltr'>militiae,</span> <span class='ocrx_word' id='word_1_31' title='bbox 750 652 784 715; x_wconf 92' lang='lat' dir='ltr'>irr</span> <span class='ocrx_word' id='word_1_32' title='bbox 806 661 928 715; x_wconf 81' lang='lat' dir='ltr'>cuneos</span> <span class='ocrx_word' id='word_1_33' title='bbox 949 670 1082 736; x_wconf 90' lang='lat' dir='ltr'>congre-</span> 
     </span>
    </p>

    <p class='ocr_par' dir='ltr' id='par_1_3' title="bbox 105 736 1080 822">
     <span class='ocr_line' id='line_1_6' title="bbox 105 736 1080 822; baseline 0.003 -24"><span class='ocrx_word' id='word_1_34' title='bbox 105 747 184 818; x_wconf 88' lang='lat' dir='ltr'>ntur,</span> <span class='ocrx_word' id='word_1_35' title='bbox 199 738 290 801; x_wconf 90' lang='lat' dir='ltr'>densi</span> <span class='ocrx_word' id='word_1_36' title='bbox 306 737 452 820; x_wconf 89' lang='lat' dir='ltr'>undique</span> <span class='ocrx_word' id='word_1_37' title='bbox 465 748 495 802; x_wconf 91' lang='lat' dir='ltr'>et</span> <span class='ocrx_word' id='word_1_38' title='bbox 509 738 648 804; x_wconf 84' lang='lat' dir='ltr'>frontem</span> <span class='ocrx_word' id='word_1_39' title='bbox 671 749 821 822; x_wconf 86' lang='lat' dir='ltr'>tergaque</span> <span class='ocrx_word' id='word_1_40' title='bbox 836 757 875 800; x_wconf 86' lang='lat' dir='ltr'>ac</span> <span class='ocrx_word' id='word_1_41' title='bbox 899 738 984 801; x_wconf 84' lang='lat' dir='ltr'>latus</span> <span class='ocrx_word' id='word_1_42' title='bbox 1007 736 1080 801; x_wconf 89' lang='lat' dir='ltr'>tuti.</span> 
     </span>
    </p>

    <p class='ocr_par' dir='ltr' id='par_1_4' title="bbox 63 821 1082 1505">
     <span class='ocr_line' id='line_1_7' title="bbox 89 821 1080 910; baseline 0.004 -27"><span class='ocrx_word' id='word_1_43' title='bbox 89 821 115 884; x_wconf 88' lang='lat' dir='ltr'>ic</span> <span class='ocrx_word' id='word_1_44' title='bbox 137 826 268 888; x_wconf 84' lang='lat' dir='ltr'>tenuem</span> <span class='ocrx_word' id='word_1_45' title='bbox 291 824 395 887; x_wconf 88' lang='lat' dir='ltr'>aciem</span> <span class='ocrx_word' id='word_1_46' title='bbox 417 835 602 888; x_wconf 88' lang='lat' dir='ltr'>nostrorum</span> <span class='ocrx_word' id='word_1_47' title='bbox 627 823 838 910; x_wconf 82' lang='lat' dir='ltr'>perfringunt.</span> <span class='ocrx_word' id='word_1_48' title='bbox 882 822 1080 887; x_wconf 74' lang='lat' dir='ltr'>(ledentibus</span> 
     </span>
     <span class='ocr_line' id='line_1_8' title="bbox 65 907 1081 993; baseline 0.003 -23"><span class='ocrx_word' id='word_1_49' title='bbox 65 907 174 991; x_wconf 81' lang='lat' dir='ltr'>Belgis,</span> <span class='ocrx_word' id='word_1_50' title='bbox 199 909 331 991; x_wconf 85' lang='lat' dir='ltr'>pellitur</span> <span class='ocrx_word' id='word_1_51' title='bbox 354 909 448 993; x_wconf 88' lang='lat' dir='ltr'>legio,</span> <span class='ocrx_word' id='word_1_52' title='bbox 463 920 495 972; x_wconf 92' lang='lat' dir='ltr'>et</span> <span class='ocrx_word' id='word_1_53' title='bbox 517 910 644 973; x_wconf 85' lang='lat' dir='ltr'>vallum</span> <span class='ocrx_word' id='word_1_54' title='bbox 665 921 835 991; x_wconf 84' lang='lat' dir='ltr'>portusque</span> <span class='ocrx_word' id='word_1_55' title='bbox 858 908 974 992; x_wconf 85' lang='lat' dir='ltr'>trepidi</span> <span class='ocrx_word' id='word_1_56' title='bbox 995 917 1081 992; x_wconf 84' lang='lat' dir='ltr'>pete-</span> 
     </span>
     <span class='ocr_line' id='line_1_9' title="bbox 65 992 1080 1077; baseline 0.002 -22"><span class='ocrx_word' id='word_1_57' title='bbox 65 992 144 1057; x_wconf 87' lang='lat' dir='ltr'>bant.</span> <span class='ocrx_word' id='word_1_58' title='bbox 188 995 239 1058; x_wconf 92' lang='lat' dir='ltr'>Ibi</span> <span class='ocrx_word' id='word_1_59' title='bbox 254 994 433 1077; x_wconf 90' lang='lat' dir='ltr'>plurimum</span> <span class='ocrx_word' id='word_1_60' title='bbox 447 994 565 1058; x_wconf 86' lang='lat' dir='ltr'>cledis:</span> <span class='ocrx_word' id='word_1_61' title='bbox 588 997 759 1058; x_wconf 80' lang='lat' dir='ltr'>cumrrlaue</span> <span class='ocrx_word' id='word_1_62' title='bbox 774 995 961 1076; x_wconf 72' lang='lat' dir='ltr'>corporibus</span> <span class='ocrx_word' id='word_1_63' title='bbox 975 992 1080 1075; x_wconf 81' lang='lat' dir='ltr'>fossae,</span> 
     </span>
     <span class='ocr_line' id='line_1_10' title="bbox 64 1079 1081 1164; baseline 0.004 -24"><span class='ocrx_word' id='word_1_64' title='bbox 64 1095 119 1142; x_wconf 90' lang='lat' dir='ltr'>nec</span> <span class='ocrx_word' id='word_1_65' title='bbox 133 1079 219 1145; x_wconf 83' lang='lat' dir='ltr'>caede</span> <span class='ocrx_word' id='word_1_66' title='bbox 234 1082 402 1144; x_wconf 81' lang='grc'><strong>1111111111</strong></span> <span class='ocrx_word' id='word_1_67' title='bbox 419 1080 617 1159; x_wconf 85' lang='lat' dir='ltr'>vulneribus,</span> <span class='ocrx_word' id='word_1_68' title='bbox 633 1080 688 1142; x_wconf 88' lang='lat' dir='ltr'>sed</span> <span class='ocrx_word' id='word_1_69' title='bbox 702 1079 922 1143; x_wconf 75' lang='grc'><strong>11111111111</strong></span> <span class='ocrx_word' id='word_1_70' title='bbox 936 1080 1081 1164; x_wconf 80' lang='lat' dir='ltr'>plerique</span> 
     </span>
     <span class='ocr_line' id='line_1_11' title="bbox 66 1164 1081 1250; baseline 0.004 -24"><span class='ocrx_word' id='word_1_71' title='bbox 66 1164 129 1227; x_wconf 85' lang='lat' dir='ltr'>telis</span> <span class='ocrx_word' id='word_1_72' title='bbox 155 1166 314 1232; x_wconf 70' lang='lat' dir='ltr'>interiere.</span> <span class='ocrx_word' id='word_1_73' title='bbox 359 1165 512 1246; x_wconf 84' lang='lat' dir='ltr'>Victores,</span> <span class='ocrx_word' id='word_1_74' title='bbox 527 1165 656 1230; x_wconf 77' lang='lat' dir='ltr'>colonia</span> <span class='ocrx_word' id='word_1_75' title='bbox 671 1165 957 1250; x_wconf 83' lang='lat' dir='ltr'>Agrippinensium</span> <span class='ocrx_word' id='word_1_76' title='bbox 970 1165 1081 1247; x_wconf 78' lang='lat' dir='ltr'>rituti,</span> 
     </span>
     <span class='ocr_line' id='line_1_12' title="bbox 63 1249 1081 1333; baseline 0.005 -23"><span class='ocrx_word' id='word_1_77' title='bbox 63 1249 139 1314; x_wconf 92' lang='lat' dir='ltr'>nihil</span> <span class='ocrx_word' id='word_1_78' title='bbox 154 1262 261 1317; x_wconf 86' lang='lat' dir='ltr'>cetero</span> <span class='ocrx_word' id='word_1_79' title='bbox 275 1251 390 1315; x_wconf 89' lang='lat' dir='ltr'>itinere</span> <span class='ocrx_word' id='word_1_80' title='bbox 405 1252 522 1314; x_wconf 88' lang='lat' dir='ltr'>hostile</span> <span class='ocrx_word' id='word_1_81' title='bbox 537 1252 607 1315; x_wconf 86' lang='grc'><strong>1111</strong></span> <span class='ocrx_word' id='word_1_82' title='bbox 624 1252 796 1314; x_wconf 85' lang='lat' dir='ltr'>Bonnense</span> <span class='ocrx_word' id='word_1_83' title='bbox 818 1249 969 1333; x_wconf 85' lang='lat' dir='ltr'>praelium</span> <span class='ocrx_word' id='word_1_84' title='bbox 982 1270 1081 1315; x_wconf 83' lang='lat' dir='ltr'>excu-</span> 
     </span>
     <span class='ocr_line' id='line_1_13' title="bbox 65 1335 1082 1423; baseline 0.002 -24"><span class='ocrx_word' id='word_1_85' title='bbox 65 1335 187 1421; x_wconf 82' lang='lat' dir='ltr'>sabant3</span> <span class='ocrx_word' id='word_1_86' title='bbox 212 1348 369 1420; x_wconf 84' lang='lat' dir='ltr'>tanquam</span> <span class='ocrx_word' id='word_1_87' title='bbox 382 1335 479 1419; x_wconf 75' lang='lat' dir='ltr'>petitia</span> <span class='ocrx_word' id='word_1_88' title='bbox 500 1356 588 1420; x_wconf 90' lang='lat' dir='ltr'>pace,</span> <span class='ocrx_word' id='word_1_89' title='bbox 604 1347 773 1421; x_wconf 83' lang='lat' dir='ltr'>postquam</span> <span class='ocrx_word' id='word_1_90' title='bbox 797 1335 983 1423; x_wconf 81' lang='lat' dir='ltr'>negabatur,</span> <span class='ocrx_word' id='word_1_91' title='bbox 1006 1336 1082 1401; x_wconf 89' lang='lat' dir='ltr'>sibi·</span> 
     </span>
     <span class='ocr_line' id='line_1_14' title="bbox 66 1422 629 1505; baseline 0.004 -22"><span class='ocrx_word' id='word_1_92' title='bbox 66 1424 183 1505; x_wconf 82' lang='lat' dir='ltr'>metipsi</span> <span class='ocrx_word' id='word_1_93' title='bbox 198 1422 449 1487; x_wconf 87' lang='lat' dir='ltr'>consuluissent.</span> <span class='ocrx_word' id='word_1_94' title='bbox 625 1438 629 1446; x_wconf 90' lang='lat'>·</span> 
     </span>
    </p>

    <p class='ocr_par' dir='ltr' id='par_1_5' title="bbox 62 1507 1085 2703">
     <span class='ocr_line' id='line_1_15' title="bbox 103 1507 1082 1590; baseline -0.001 -18"><span class='ocrx_word' id='word_1_95' title='bbox 103 1507 194 1575; x_wconf 89' lang='lat' dir='ltr'><strong>XXI.</strong></span> <span class='ocrx_word' id='word_1_96' title='bbox 219 1509 335 1574; x_wconf 81' lang='lat' dir='ltr'>Civilis</span> <span class='ocrx_word' id='word_1_97' title='bbox 364 1507 504 1572; x_wconf 88' lang='lat' dir='ltr'>adventu</span> <span class='ocrx_word' id='word_1_98' title='bbox 530 1518 757 1572; x_wconf 84' lang='lat' dir='ltr'>veteranarum</span> <span class='ocrx_word' id='word_1_99' title='bbox 784 1507 974 1589; x_wconf 79' lang='lat' dir='ltr'>cohortium,</span> <span class='ocrx_word' id='word_1_100' title='bbox 999 1507 1082 1590; x_wconf 88' lang='lat' dir='ltr'>justi</span> 
     </span>
     <span class='ocr_line' id='line_1_16' title="bbox 64 1589 1083 1680; baseline 0.006 -27"><span class='ocrx_word' id='word_1_101' title='bbox 64 1589 125 1671; x_wconf 86' lang='lat' dir='ltr'>jam</span> <span class='ocrx_word' id='word_1_102' title='bbox 144 1594 306 1659; x_wconf 77' lang='grc'><strong>1111111111</strong></span> <span class='ocrx_word' id='word_1_103' title='bbox 321 1593 443 1673; x_wconf 88' lang='lat' dir='ltr'>ductor,</span> <span class='ocrx_word' id='word_1_104' title='bbox 463 1592 520 1656; x_wconf 87' lang='lat' dir='ltr'>sed</span> <span class='ocrx_word' id='word_1_105' title='bbox 535 1593 661 1658; x_wconf 89' lang='lat' dir='ltr'>consilii</span> <span class='ocrx_word' id='word_1_106' title='bbox 685 1593 856 1680; x_wconf 88' lang='lat' dir='ltr'>ambiguus</span> <span class='ocrx_word' id='word_1_107' title='bbox 879 1601 911 1656; x_wconf 90' lang='lat' dir='ltr'>et</span> <span class='ocrx_word' id='word_1_108' title='bbox 925 1594 994 1659; x_wconf 88' lang='lat' dir='ltr'>vim</span> <span class='ocrx_word' id='word_1_109' title='bbox 1018 1593 1083 1658; x_wconf 84' lang='lat' dir='ltr'>Ro·</span> 
     </span>
     <span class='ocr_line' id='line_1_17' title="bbox 62 1678 1082 1764; baseline 0.003 -24"><span class='ocrx_word' id='word_1_110' title='bbox 62 1695 189 1743; x_wconf 86' lang='lat' dir='ltr'>murram</span> <span class='ocrx_word' id='word_1_111' title='bbox 212 1690 376 1764; x_wconf 88' lang='lat' dir='ltr'>reputans,</span> <span class='ocrx_word' id='word_1_112' title='bbox 396 1691 539 1758; x_wconf 88' lang='lat' dir='ltr'>cunctos,</span> <span class='ocrx_word' id='word_1_113' title='bbox 557 1680 614 1762; x_wconf 93' lang='lat' dir='ltr'>qui</span> <span class='ocrx_word' id='word_1_114' title='bbox 639 1678 779 1758; x_wconf 87' lang='lat' dir='ltr'>aderant,</span> <span class='ocrx_word' id='word_1_115' title='bbox 803 1679 837 1741; x_wconf 93' lang='lat' dir='ltr'>in</span> <span class='ocrx_word' id='word_1_116' title='bbox 853 1680 951 1742; x_wconf 82' lang='lat' dir='ltr'>rerba</span> <span class='ocrx_word' id='word_1_117' title='bbox 966 1680 1082 1762; x_wconf 85' lang='lat' dir='ltr'>Vespa·</span> 
     </span>
     <span class='ocr_line' id='line_1_18' title="bbox 65 1761 1084 1851; baseline 0.004 -28"><span class='ocrx_word' id='word_1_118' title='bbox 65 1761 141 1827; x_wconf 88' lang='lat' dir='ltr'>siani</span> <span class='ocrx_word' id='word_1_119' title='bbox 156 1764 276 1851; x_wconf 84' lang='lat' dir='ltr'>adigit:</span> <span class='ocrx_word' id='word_1_120' title='bbox 300 1764 459 1847; x_wconf 86' lang='lat' dir='ltr'>mittitque</span> <span class='ocrx_word' id='word_1_121' title='bbox 473 1768 593 1849; x_wconf 85' lang='lat' dir='ltr'>legatos</span> <span class='ocrx_word' id='word_1_122' title='bbox 609 1763 745 1827; x_wconf 90' lang='lat' dir='ltr'>adduas</span> <span class='ocrx_word' id='word_1_123' title='bbox 760 1764 912 1850; x_wconf 84' lang='lat' dir='ltr'>legiones,</span> <span class='ocrx_word' id='word_1_124' title='bbox 928 1783 1000 1847; x_wconf 85' lang='lat' dir='ltr'>quae</span> <span class='ocrx_word' id='word_1_125' title='bbox 1019 1764 1084 1846; x_wconf 92' lang='lat' dir='ltr'>pri-</span> 
     </span>
     <span class='ocr_line' id='line_1_19' title="bbox 67 1849 1085 1933; baseline 0.005 -24"><span class='ocrx_word' id='word_1_126' title='bbox 67 1865 115 1911; x_wconf 88' lang='lat' dir='ltr'>ore</span> <span class='ocrx_word' id='word_1_127' title='bbox 129 1849 196 1915; x_wconf 90' lang='lat' dir='ltr'>acie</span> <span class='ocrx_word' id='word_1_128' title='bbox 219 1852 332 1933; x_wconf 84' lang='lat' dir='ltr'>pulsae,</span> <span class='ocrx_word' id='word_1_129' title='bbox 355 1850 389 1913; x_wconf 91' lang='lat' dir='ltr'>in</span> <span class='ocrx_word' id='word_1_130' title='bbox 404 1850 520 1913; x_wconf 85' lang='lat' dir='ltr'>Vetera</span> <span class='ocrx_word' id='word_1_131' title='bbox 545 1860 648 1914; x_wconf 89' lang='lat' dir='ltr'>castra</span> <span class='ocrx_word' id='word_1_132' title='bbox 673 1860 904 1927; x_wconf 87' lang='lat' dir='ltr'>concesserant,</span> <span class='ocrx_word' id='word_1_133' title='bbox 920 1855 974 1912; x_wconf 84' lang='lat' dir='ltr'>‘ut</span> <span class='ocrx_word' id='word_1_134' title='bbox 999 1849 1085 1915; x_wconf 88' lang='lat' dir='ltr'>idem</span> 
     </span>
     <span class='ocr_line' id='line_1_20' title="bbox 66 1934 1084 2033; baseline 0.005 -40"><span class='ocrx_word' id='word_1_135' title='bbox 66 1945 298 1999; x_wconf 88' lang='lat' dir='ltr'>sacramentum</span> <span class='ocrx_word' id='word_1_136' title='bbox 318 1935 517 2018; x_wconf 63' lang='lat' dir='ltr'>acciperent]</span> <span class='ocrx_word' id='word_1_137' title='bbox 560 1934 717 1998; x_wconf 85' lang='lat' dir='ltr'>Redditur</span> <span class='ocrx_word' id='word_1_138' title='bbox 731 1953 929 2033; x_wconf 88' lang='lat' dir='ltr'>responsum,</span> <span class='ocrx_word' id='word_1_139' title='bbox 959 1941 1084 2016; x_wconf 84' lang='lat' dir='ltr'>‘neque</span> 
     </span>
     <span class='ocr_line' id='line_1_21' title="bbox 63 2019 1085 2105; baseline 0.001 -22"><span class='ocrx_word' id='word_1_140' title='bbox 63 2020 241 2104; x_wconf 85' lang='lat' dir='ltr'>proditoris,</span> <span class='ocrx_word' id='word_1_141' title='bbox 255 2040 361 2105; x_wconf 90' lang='lat' dir='ltr'>neque</span> <span class='ocrx_word' id='word_1_142' title='bbox 383 2021 526 2099; x_wconf 84' lang='lat' dir='ltr'>hostium</span> <span class='ocrx_word' id='word_1_143' title='bbox 539 2041 573 2085; x_wconf 91' lang='lat' dir='ltr'>se</span> <span class='ocrx_word' id='word_1_144' title='bbox 587 2020 732 2086; x_wconf 87' lang='lat' dir='ltr'>consiliis</span> <span class='ocrx_word' id='word_1_145' title='bbox 746 2032 803 2084; x_wconf 89' lang='lat' dir='ltr'>utr.</span> <span class='ocrx_word' id='word_1_146' title='bbox 848 2020 930 2085; x_wconf 87' lang='lat' dir='ltr'>Esse</span> <span class='ocrx_word' id='word_1_147' title='bbox 954 2020 1016 2085; x_wconf 89' lang='lat' dir='ltr'>sibi</span> <span class='ocrx_word' id='word_1_148' title='bbox 1031 2019 1085 2084; x_wconf 87' lang='lat' dir='ltr'>Vi·</span> 
     </span>
     <span class='ocr_line' id='line_1_22' title="bbox 67 2105 1084 2191; baseline 0.002 -23"><span class='ocrx_word' id='word_1_149' title='bbox 67 2107 184 2172; x_wconf 87' lang='lat' dir='ltr'>telliunr</span> <span class='ocrx_word' id='word_1_150' title='bbox 200 2108 395 2191; x_wconf 87' lang='lat' dir='ltr'>Principem,</span> <span class='ocrx_word' id='word_1_151' title='bbox 409 2127 468 2190; x_wconf 86' lang='lat' dir='ltr'>pro</span> <span class='ocrx_word' id='word_1_152' title='bbox 478 2126 542 2190; x_wconf 89' lang='lat' dir='ltr'>quo</span> <span class='ocrx_word' id='word_1_153' title='bbox 558 2105 657 2170; x_wconf 85' lang='lat' dir='ltr'>fidem</span> <span class='ocrx_word' id='word_1_154' title='bbox 666 2118 699 2170; x_wconf 89' lang='lat' dir='ltr'>et</span> <span class='ocrx_word' id='word_1_155' title='bbox 710 2127 798 2171; x_wconf 90' lang='lat' dir='ltr'>arma</span> <span class='ocrx_word' id='word_1_156' title='bbox 807 2108 911 2191; x_wconf 85' lang='lat' dir='ltr'>usque</span> <span class='ocrx_word' id='word_1_157' title='bbox 922 2107 963 2171; x_wconf 85' lang='lat' dir='ltr'>ud</span> <span class='ocrx_word' id='word_1_158' title='bbox 974 2120 1084 2190; x_wconf 83' lang='lat' dir='ltr'>supte-</span> 
     </span>
     <span class='ocr_line' id='line_1_23' title="bbox 67 2191 1084 2280; baseline 0.002 -27"><span class='ocrx_word' id='word_1_159' title='bbox 67 2207 151 2257; x_wconf 91' lang='lat' dir='ltr'>mum</span> <span class='ocrx_word' id='word_1_160' title='bbox 167 2193 318 2277; x_wconf 84' lang='lat' dir='ltr'>spititum</span> <span class='ocrx_word' id='word_1_161' title='bbox 332 2203 529 2256; x_wconf 88' lang='lat' dir='ltr'>retenturos:</span> <span class='ocrx_word' id='word_1_162' title='bbox 552 2193 685 2275; x_wconf 81' lang='lat' dir='ltr'>prolude</span> <span class='ocrx_word' id='word_1_163' title='bbox 708 2191 844 2280; x_wconf 81' lang='lat' dir='ltr'>perfuga</span> <span class='ocrx_word' id='word_1_164' title='bbox 866 2195 1010 2258; x_wconf 76' lang='lat' dir='ltr'>Batavus</span> <span class='ocrx_word' id='word_1_165' title='bbox 1034 2208 1084 2255; x_wconf 87' lang='grc'>11·</span> 
     </span>
     <span class='ocr_line' id='line_1_24' title="bbox 67 2273 1083 2363; baseline 0.004 -27"><span class='ocrx_word' id='word_1_166' title='bbox 67 2273 180 2343; x_wconf 89' lang='lat' dir='ltr'>bitrum</span> <span class='ocrx_word' id='word_1_167' title='bbox 194 2298 304 2344; x_wconf 88' lang='lat' dir='ltr'>rerum</span> <span class='ocrx_word' id='word_1_168' title='bbox 317 2277 539 2341; x_wconf 84' lang='lat' dir='ltr'>Romanarum</span> <span class='ocrx_word' id='word_1_169' title='bbox 554 2297 594 2340; x_wconf 90' lang='lat' dir='ltr'>rre</span> <span class='ocrx_word' id='word_1_170' title='bbox 607 2289 722 2363; x_wconf 85' lang='lat' dir='ltr'>egeret,</span> <span class='ocrx_word' id='word_1_171' title='bbox 735 2278 791 2342; x_wconf 87' lang='lat' dir='ltr'>sed</span> <span class='ocrx_word' id='word_1_172' title='bbox 806 2279 936 2343; x_wconf 86' lang='lat' dir='ltr'>meritas</span> <span class='ocrx_word' id='word_1_173' title='bbox 950 2277 1083 2343; x_wconf 88' lang='lat' dir='ltr'>sceleris</span> 
     </span>
     <span class='ocr_line' id='line_1_25' title="bbox 69 2363 1083 2447; baseline 0 -21"><span class='ocrx_word' id='word_1_174' title='bbox 69 2378 173 2441; x_wconf 87' lang='lat' dir='ltr'>poerras</span> <span class='ocrx_word' id='word_1_175' title='bbox 187 2364 388 2447; x_wconf 68' lang='lat' dir='ltr'>expectaret)</span> <span class='ocrx_word' id='word_1_176' title='bbox 432 2364 517 2434; x_wconf 78' lang='lat' dir='ltr'>Quae</span> <span class='ocrx_word' id='word_1_177' title='bbox 543 2363 599 2427; x_wconf 88' lang='lat' dir='ltr'>ubi</span> <span class='ocrx_word' id='word_1_178' title='bbox 615 2365 713 2427; x_wconf 86' lang='lat' dir='ltr'>relata</span> <span class='ocrx_word' id='word_1_179' title='bbox 728 2365 837 2444; x_wconf 81' lang='lat' dir='ltr'>Ciuili,</span> <span class='ocrx_word' id='word_1_180' title='bbox 851 2365 1004 2428; x_wconf 87' lang='lat' dir='ltr'>incensus</span> <span class='ocrx_word' id='word_1_181' title='bbox 1024 2363 1083 2443; x_wconf 72' lang='lat' dir='ltr'>iri,</span> 
     </span>
     <span class='ocr_line' id='line_1_26' title="bbox 69 2448 1084 2534; baseline 0.007 -28"><span class='ocrx_word' id='word_1_182' title='bbox 69 2448 248 2514; x_wconf 83' lang='lat' dir='ltr'>universam</span> <span class='ocrx_word' id='word_1_183' title='bbox 260 2450 457 2513; x_wconf 85' lang='lat' dir='ltr'>Batavorum</span> <span class='ocrx_word' id='word_1_184' title='bbox 467 2458 596 2533; x_wconf 86' lang='lat' dir='ltr'>gentem</span> <span class='ocrx_word' id='word_1_185' title='bbox 609 2448 644 2512; x_wconf 91' lang='lat' dir='ltr'>in</span> <span class='ocrx_word' id='word_1_186' title='bbox 656 2464 745 2512; x_wconf 85' lang='lat' dir='ltr'>arma</span> <span class='ocrx_word' id='word_1_187' title='bbox 756 2449 849 2532; x_wconf 84' lang='lat' dir='ltr'>rapit.</span> <span class='ocrx_word' id='word_1_188' title='bbox 892 2449 1084 2534; x_wconf 79' lang='lat' dir='ltr'>Jungunrur</span> 
     </span>
     <span class='ocr_line' id='line_1_27' title="bbox 70 2528 1085 2619; baseline 0.009 -28"><span class='ocrx_word' id='word_1_189' title='bbox 70 2528 208 2599; x_wconf 83' lang='lat' dir='ltr'>Bructeri</span> <span class='ocrx_word' id='word_1_190' title='bbox 223 2534 449 2617; x_wconf 82' lang='lat' dir='ltr'>Tencterique,</span> <span class='ocrx_word' id='word_1_191' title='bbox 464 2544 495 2596; x_wconf 89' lang='lat' dir='ltr'>et</span> <span class='ocrx_word' id='word_1_192' title='bbox 509 2533 615 2596; x_wconf 84' lang='lat' dir='ltr'>excita</span> <span class='ocrx_word' id='word_1_193' title='bbox 624 2535 749 2598; x_wconf 89' lang='lat' dir='ltr'>nuntiis</span> <span class='ocrx_word' id='word_1_194' title='bbox 760 2535 937 2600; x_wconf 87' lang='lat' dir='ltr'>Germania</span> <span class='ocrx_word' id='word_1_195' title='bbox 952 2533 992 2600; x_wconf 87' lang='lat' dir='ltr'>ad</span> <span class='ocrx_word' id='word_1_196' title='bbox 1004 2554 1085 2619; x_wconf 83' lang='lat' dir='ltr'>prae·</span> 
     </span>
     <span class='ocr_line' id='line_1_28' title="bbox 70 2614 346 2703; baseline 0.022 -26"><span class='ocrx_word' id='word_1_197' title='bbox 70 2614 137 2682; x_wconf 89' lang='lat' dir='ltr'>dam</span> <span class='ocrx_word' id='word_1_198' title='bbox 151 2620 346 2703; x_wconf 82' lang='lat' dir='ltr'>fumumque.</span> 
     </span>
    </p>

    <p class='ocr_par' dir='ltr' id='par_1_6' title="bbox 71 2703 1159 3817">
     <span class='ocr_line' id='line_1_29' title="bbox 108 2703 1086 2792; baseline 0.003 -23"><span class='ocrx_word' id='word_1_199' title='bbox 108 2704 216 2772; x_wconf 90' lang='lat' dir='ltr'><strong>XXII.</strong></span> <span class='ocrx_word' id='word_1_200' title='bbox 260 2705 421 2771; x_wconf 80' lang='lat' dir='ltr'>Adversus</span> <span class='ocrx_word' id='word_1_201' title='bbox 436 2703 494 2767; x_wconf 84' lang='lat' dir='ltr'>has</span> <span class='ocrx_word' id='word_1_202' title='bbox 509 2704 585 2768; x_wconf 92' lang='lat' dir='ltr'>belli</span> <span class='ocrx_word' id='word_1_203' title='bbox 597 2706 823 2769; x_wconf 87' lang='lat' dir='ltr'>concurrentis</span> <span class='ocrx_word' id='word_1_204' title='bbox 841 2706 956 2784; x_wconf 86' lang='lat' dir='ltr'>minas,</span> <span class='ocrx_word' id='word_1_205' title='bbox 971 2705 1086 2792; x_wconf 84' lang='lat' dir='ltr'>Legati</span> 
     </span>
     <span class='ocr_line' id='line_1_30' title="bbox 71 2784 1086 2873; baseline 0.006 -25"><span class='ocrx_word' id='word_1_206' title='bbox 71 2784 238 2872; x_wconf 81' lang='lat' dir='ltr'>legionum,</span> <span class='ocrx_word' id='word_1_207' title='bbox 255 2792 433 2855; x_wconf 87' lang='lat' dir='ltr'>Mummius</span> <span class='ocrx_word' id='word_1_208' title='bbox 459 2790 627 2873; x_wconf 88' lang='lat' dir='ltr'>Lupercus</span> <span class='ocrx_word' id='word_1_209' title='bbox 642 2801 674 2852; x_wconf 87' lang='grc'>11</span> <span class='ocrx_word' id='word_1_210' title='bbox 689 2791 860 2856; x_wconf 88' lang='lat' dir='ltr'>Numisius</span> <span class='ocrx_word' id='word_1_211' title='bbox 881 2792 997 2872; x_wconf 87' lang='lat' dir='ltr'>Rufus,</span> <span class='ocrx_word' id='word_1_212' title='bbox 1018 2794 1086 2855; x_wconf 85' lang='lat' dir='ltr'>val·</span> 
     </span>
     <span class='ocr_line' id='line_1_31' title="bbox 73 2871 1086 2975; baseline 0.005 -41"><span class='ocrx_word' id='word_1_213' title='bbox 73 2871 136 2938; x_wconf 90' lang='lat' dir='ltr'>lum</span> <span class='ocrx_word' id='word_1_214' title='bbox 149 2896 321 2959; x_wconf 88' lang='lat' dir='ltr'>murosque</span> <span class='ocrx_word' id='word_1_215' title='bbox 343 2875 522 2940; x_wconf 86' lang='lat' dir='ltr'>firmabant.</span> <span class='ocrx_word' id='word_1_216' title='bbox 567 2877 729 2941; x_wconf 82' lang='lat' dir='ltr'>Subversa</span> <span class='ocrx_word' id='word_1_217' title='bbox 750 2879 854 2975; x_wconf 81' lang='lat' dir='ltr'>longae</span> <span class='ocrx_word' id='word_1_218' title='bbox 876 2877 964 2960; x_wconf 84' lang='lat' dir='ltr'>pacis</span> <span class='ocrx_word' id='word_1_219' title='bbox 978 2896 1086 2960; x_wconf 86' lang='lat' dir='ltr'>opera,</span> 
     </span>
     <span class='ocr_line' id='line_1_32' title="bbox 73 2957 1087 3046; baseline 0.005 -25"><span class='ocrx_word' id='word_1_220' title='bbox 73 2957 153 3024; x_wconf 83' lang='lat' dir='ltr'>haud</span> <span class='ocrx_word' id='word_1_221' title='bbox 166 2965 280 3045; x_wconf 88' lang='lat' dir='ltr'>procul</span> <span class='ocrx_word' id='word_1_222' title='bbox 303 2962 425 3042; x_wconf 75' lang='grc'><strong>1111111,</strong></span> <span class='ocrx_word' id='word_1_223' title='bbox 440 2960 474 3024; x_wconf 86' lang='grc'>11</span> <span class='ocrx_word' id='word_1_224' title='bbox 497 2960 632 3025; x_wconf 86' lang='lat' dir='ltr'>modum</span> <span class='ocrx_word' id='word_1_225' title='bbox 653 2963 822 3046; x_wconf 88' lang='lat' dir='ltr'>municipir</span> <span class='ocrx_word' id='word_1_226' title='bbox 846 2972 1018 3043; x_wconf 85' lang='lat' dir='ltr'>exstructa,</span> <span class='ocrx_word' id='word_1_227' title='bbox 1043 2981 1087 3026; x_wconf 87' lang='lat' dir='ltr'>ne</span> 
     </span>
     <span class='ocr_line' id='line_1_33' title="bbox 74 3041 1087 3130; baseline 0.008 -25"><span class='ocrx_word' id='word_1_228' title='bbox 74 3041 210 3112; x_wconf 85' lang='lat' dir='ltr'>hostibus</span> <span class='ocrx_word' id='word_1_229' title='bbox 225 3047 302 3111; x_wconf 89' lang='lat' dir='ltr'>usui</span> <span class='ocrx_word' id='word_1_230' title='bbox 317 3046 428 3111; x_wconf 81' lang='lat' dir='ltr'>forent.</span> <span class='ocrx_word' id='word_1_231' title='bbox 474 3046 540 3111; x_wconf 84' lang='lat' dir='ltr'>Sed</span> <span class='ocrx_word' id='word_1_232' title='bbox 555 3067 671 3130; x_wconf 88' lang='lat' dir='ltr'>parrrrrr</span> <span class='ocrx_word' id='word_1_233' title='bbox 686 3050 861 3128; x_wconf 66' lang='lat' dir='ltr'>prensum,</span> <span class='ocrx_word' id='word_1_234' title='bbox 884 3059 922 3110; x_wconf 91' lang='lat' dir='ltr'>ut</span> <span class='ocrx_word' id='word_1_235' title='bbox 935 3048 1037 3130; x_wconf 83' lang='lat' dir='ltr'>copIae</span> <span class='ocrx_word' id='word_1_236' title='bbox 1051 3048 1087 3114; x_wconf 86' lang='lat' dir='ltr'>in</span> 
     </span>
     <span class='ocr_line' id='line_1_34' title="bbox 77 3131 1159 3217; baseline 0.007 -27"><span class='ocrx_word' id='word_1_237' title='bbox 77 3141 172 3196; x_wconf 86' lang='lat' dir='ltr'>castra</span> <span class='ocrx_word' id='word_1_238' title='bbox 194 3133 472 3198; x_wconf 83' lang='lat' dir='ltr'>conveherentur:</span> <span class='ocrx_word' id='word_1_239' title='bbox 495 3131 562 3217; x_wconf 84' lang='lat' dir='ltr'>rapi</span> <span class='ocrx_word' id='word_1_240' title='bbox 588 3133 769 3216; x_wconf 70' lang='lat' dir='ltr'>permisere.</span> <span class='ocrx_word' id='word_1_241' title='bbox 813 3135 862 3196; x_wconf 86' lang='lat' dir='ltr'>lta</span> <span class='ocrx_word' id='word_1_242' title='bbox 886 3133 998 3216; x_wconf 80' lang='lat' dir='ltr'>paucis</span> <span class='ocrx_word' id='word_1_243' title='bbox 1022 3133 1088 3199; x_wconf 87' lang='lat' dir='ltr'>die·</span> <span class='ocrx_word' id='word_1_244' title='bbox 1156 3192 1159 3198; x_wconf 88' lang='lat'><em>.</em></span> 
     </span>
     <span class='ocr_line' id='line_1_35' title="bbox 74 3211 1086 3304; baseline 0.008 -27"><span class='ocrx_word' id='word_1_245' title='bbox 74 3211 127 3304; x_wconf 82' lang='lat' dir='ltr'>bus</span> <span class='ocrx_word' id='word_1_246' title='bbox 138 3236 192 3300; x_wconf 90' lang='lat' dir='ltr'>per</span> <span class='ocrx_word' id='word_1_247' title='bbox 203 3218 368 3283; x_wconf 88' lang='lat' dir='ltr'>licentiam</span> <span class='ocrx_word' id='word_1_248' title='bbox 380 3220 527 3282; x_wconf 79' lang='lat' dir='ltr'>absumta</span> <span class='ocrx_word' id='word_1_249' title='bbox 541 3237 600 3281; x_wconf 90' lang='lat' dir='ltr'>sun</span> <span class='ocrx_word' id='word_1_250' title='bbox 605 3229 625 3295; x_wconf 91' lang='lat' dir='ltr'>t,</span> <span class='ocrx_word' id='word_1_251' title='bbox 637 3238 709 3301; x_wconf 86' lang='lat' dir='ltr'>quae</span> <span class='ocrx_word' id='word_1_252' title='bbox 721 3217 871 3282; x_wconf 77' lang='lat' dir='ltr'>adversus</span> <span class='ocrx_word' id='word_1_253' title='bbox 882 3221 1086 3285; x_wconf 81' lang='lat' dir='ltr'>necessitates</span> 
     </span>
     <span class='ocr_line' id='line_1_36' title="bbox 76 3302 1089 3391; baseline 0.01 -29"><span class='ocrx_word' id='word_1_254' title='bbox 76 3314 106 3362; x_wconf 90' lang='lat' dir='ltr'>rrr</span> <span class='ocrx_word' id='word_1_255' title='bbox 119 3302 169 3366; x_wconf 89' lang='lat' dir='ltr'>lorr</span> <span class='ocrx_word' id='word_1_256' title='bbox 218 3324 252 3368; x_wconf 90' lang='lat' dir='ltr'>m</span> <span class='ocrx_word' id='word_1_257' title='bbox 265 3302 474 3371; x_wconf 86' lang='lat' dir='ltr'>suffecissent.</span> <span class='ocrx_word' id='word_1_258' title='bbox 519 3304 643 3382; x_wconf 85' lang='lat' dir='ltr'>Oivilis,</span> <span class='ocrx_word' id='word_1_259' title='bbox 660 3304 803 3370; x_wconf 89' lang='lat' dir='ltr'>medium</span> <span class='ocrx_word' id='word_1_260' title='bbox 816 3325 933 3391; x_wconf 83' lang='lat' dir='ltr'>egrnen</span> <span class='ocrx_word' id='word_1_261' title='bbox 948 3326 1025 3371; x_wconf 89' lang='lat' dir='ltr'>cum</span> <span class='ocrx_word' id='word_1_262' title='bbox 1038 3326 1089 3371; x_wconf 89' lang='lat' dir='ltr'>ro·</span> 
     </span>
     <span class='ocr_line' id='line_1_37' title="bbox 76 3379 1087 3476; baseline 0.012 -30"><span class='ocrx_word' id='word_1_263' title='bbox 76 3379 143 3450; x_wconf 87' lang='lat' dir='ltr'>bore</span> <span class='ocrx_word' id='word_1_264' title='bbox 193 3402 364 3453; x_wconf 80' lang='lat' dir='ltr'>uterorum</span> <span class='ocrx_word' id='word_1_265' title='bbox 388 3390 543 3467; x_wconf 89' lang='lat' dir='ltr'>obtinens,</span> <span class='ocrx_word' id='word_1_266' title='bbox 571 3401 738 3472; x_wconf 87' lang='lat' dir='ltr'>utramque</span> <span class='ocrx_word' id='word_1_267' title='bbox 763 3390 870 3455; x_wconf 88' lang='lat' dir='ltr'>Rheni</span> <span class='ocrx_word' id='word_1_268' title='bbox 885 3392 996 3476; x_wconf 87' lang='lat' dir='ltr'>ripum,</span> <span class='ocrx_word' id='word_1_269' title='bbox 1018 3393 1087 3476; x_wconf 85' lang='lat' dir='ltr'>qud</span> 
     </span>
     <span class='ocr_line' id='line_1_38' title="bbox 76 3473 1087 3560; baseline 0.008 -27"><span class='ocrx_word' id='word_1_270' title='bbox 76 3474 278 3539; x_wconf 87' lang='lat' dir='ltr'>truculentior</span> <span class='ocrx_word' id='word_1_271' title='bbox 303 3474 376 3538; x_wconf 86' lang='lat' dir='ltr'>visu</span> <span class='ocrx_word' id='word_1_272' title='bbox 402 3473 491 3557; x_wconf 83' lang='lat' dir='ltr'>foret,</span> <span class='ocrx_word' id='word_1_273' title='bbox 516 3476 756 3541; x_wconf 87' lang='lat' dir='ltr'>Germanorum</span> <span class='ocrx_word' id='word_1_274' title='bbox 779 3477 915 3541; x_wconf 86' lang='lat' dir='ltr'>catervis</span> <span class='ocrx_word' id='word_1_275' title='bbox 937 3481 1087 3560; x_wconf 85' lang='lat' dir='ltr'>complet,</span> 
     </span>
     <span class='ocr_line' id='line_1_39' title="bbox 78 3559 1089 3645; baseline 0.009 -29"><span class='ocrx_word' id='word_1_276' title='bbox 78 3559 239 3625; x_wconf 88' lang='lat' dir='ltr'>assultante</span> <span class='ocrx_word' id='word_1_277' title='bbox 255 3580 310 3643; x_wconf 90' lang='lat' dir='ltr'>per</span> <span class='ocrx_word' id='word_1_278' title='bbox 325 3579 455 3645; x_wconf 89' lang='lat' dir='ltr'>campos</span> <span class='ocrx_word' id='word_1_279' title='bbox 469 3560 584 3643; x_wconf 88' lang='lat' dir='ltr'>equite.</span> <span class='ocrx_word' id='word_1_280' title='bbox 630 3561 735 3626; x_wconf 86' lang='lat' dir='ltr'>Simul</span> <span class='ocrx_word' id='word_1_281' title='bbox 750 3582 850 3626; x_wconf 84' lang='lat' dir='ltr'>naves</span> <span class='ocrx_word' id='word_1_282' title='bbox 864 3563 899 3625; x_wconf 93' lang='lat' dir='ltr'>in</span> <span class='ocrx_word' id='word_1_283' title='bbox 915 3563 1089 3626; x_wconf 80' lang='lat' dir='ltr'>adversum</span> 
     </span>
     <span class='ocr_line' id='line_1_40' title="bbox 77 3645 1088 3734; baseline -0.002 -30"><span class='ocrx_word' id='word_1_284' title='bbox 77 3656 196 3710; x_wconf 70' lang='lat' dir='ltr'>amnem</span> <span class='ocrx_word' id='word_1_285' title='bbox 211 3647 396 3734; x_wconf 86' lang='lat' dir='ltr'>agebantur.</span> <span class='ocrx_word' id='word_1_286' title='bbox 440 3647 527 3709; x_wconf 90' lang='lat' dir='ltr'>Hinc</span> <span class='ocrx_word' id='word_1_287' title='bbox 541 3654 769 3709; x_wconf 86' lang='lat' dir='ltr'>veteranarum</span> <span class='ocrx_word' id='word_1_288' title='bbox 783 3648 965 3709; x_wconf 89' lang='lat' dir='ltr'>cohortium</span> <span class='ocrx_word' id='word_1_289' title='bbox 986 3645 1088 3723; x_wconf 87' lang='lat' dir='ltr'>signa,</span> 
     </span>
     <span class='ocr_line' id='line_1_41' title="bbox 81 3723 1089 3817; baseline -0.008 -25"><span class='ocrx_word' id='word_1_290' title='bbox 81 3723 145 3792; x_wconf 82' lang='lat' dir='ltr'>iude</span> <span class='ocrx_word' id='word_1_291' title='bbox 157 3730 330 3817; x_wconf 82' lang='lat' dir='ltr'>depromtm</span> <span class='ocrx_word' id='word_1_292' title='bbox 342 3731 433 3796; x_wconf 86' lang='lat' dir='ltr'>silvis</span> <span class='ocrx_word' id='word_1_293' title='bbox 447 3731 571 3796; x_wconf 86' lang='lat' dir='ltr'>lucisve</span> <span class='ocrx_word' id='word_1_294' title='bbox 585 3727 727 3792; x_wconf 84' lang='lat' dir='ltr'>serarum</span> <span class='ocrx_word' id='word_1_295' title='bbox 740 3730 907 3813; x_wconf 84' lang='lat' dir='ltr'>imagines,</span> <span class='ocrx_word' id='word_1_296' title='bbox 921 3738 960 3791; x_wconf 86' lang='lat' dir='ltr'>ut</span> <span class='ocrx_word' id='word_1_297' title='bbox 972 3726 1089 3804; x_wconf 87' lang='lat' dir='ltr'>cuique</span> 
     </span>
    </p>
   </div>
   <div class='ocr_carea' id='block_1_3' title="bbox 0 0 1213 4050">
    <p class='ocr_par' dir='ltr' id='par_1_7' title="bbox 0 0 1213 4050">
     <span class='ocr_line' id='line_1_42' title="bbox 0 0 1213 4050; baseline 0 0"><span class='ocrx_word' id='word_1_298' title='bbox 0 0 1213 4050; x_wconf 95' lang='lat' dir='ltr'> </span> 
     </span>
    </p>
   </div>
  </div>
 </body>
</html>
