2392 4050
352 227 400 273 nn
416 204 656 275 Omoemus
670 207 866 276 Dracones.
1051 214 1117 284 tet

84 377 147 443 dat
158 396 176 441 tv
188 395 245 460 per
259 398 331 461 qua
346 379 522 464 colligitur,
537 380 675 446 eandem
687 399 758 447 esse
772 384 929 450 rationem
939 393 972 448 et
982 387 1119 471 percipi·

84 464 178 542 endi,
199 484 271 547 quae
286 465 437 547 proferas,
459 475 491 527 ct
506 464 698 548 proferendi,
718 486 791 550 quoe
805 472 996 553 perceperis.
1040 473 1116 555 Sed,

82 549 118 612 si
131 549 186 613 cui
200 549 387 614 obscuriora
402 551 474 613 haec
484 549 646 631 videntur,
658 552 749 634 isque
761 555 930 618 seientiam
945 558 985 619 ab
996 559 1118 622 exerci-

84 634 211 698 tatione
225 645 360 717 separat,
376 635 410 697 id
432 635 517 698 certe
532 636 696 716 concedet,
719 637 914 704 instructum
933 651 965 703 et
983 642 1119 723 plenum

84 719 142 782 his
154 718 275 782 artibus
286 719 435 783 animum
446 720 543 802 longe
552 721 742 802 paratiorem
754 722 1116 792 adoasexercitationer

84 813 275 881 venturum,
290 823 362 885 quae
378 804 514 885 propriae
529 824 616 866 curae
631 815 796 872 oratorum
811 807 971 873 videntur.

132 888 293 952 XXXIV.
318 888 408 982 Ergo
424 887 511 969 apud
526 888 663 968 majores
678 901 804 955 nostros
822 893 955 973 juvenis
976 895 1042 973 ille,
1057 896 1116 977 qui

82 971 160 1036 foro
174 983 205 1036 et
219 974 410 1054 eloquentrae
425 973 606 1054 parabatur,
622 974 766 1037 imbutus
777 975 845 1056 jam
859 976 1036 1042 domestica
1050 978 1115 1044 dis·

80 1057 220 1139 ciplinai,
236 1057 372 1119 refertus
384 1056 526 1120 honestis
540 1057 667 1137 studiis,
680 1056 899 1125 deducebatur
913 1082 933 1125 a
947 1075 1045 1145 patre,
1060 1065 1115 1130 vel
1174 1125 1188 1146 ,Ἴ

82 1163 108 1205 a
122 1142 321 1224 propinquis
336 1141 378 1205 ad
393 1160 470 1204 eum
482 1152 652 1221 oratorem,
667 1143 723 1225 qui
739 1145 919 1228 principem
933 1148 967 1210 in
983 1148 1115 1213 civitate

80 1227 199 1290 locum
227 1225 411 1290 obtinebat:
442 1227 534 1290 huuc
557 1227 681 1308 sectari,
708 1227 797 1291 hunc
826 1230 986 1313 prosequi,
1014 1232 1114 1313 hujus

78 1311 239 1374 omnibus
249 1311 444 1375 dictionibus
454 1312 616 1392 iuteresse,
629 1314 698 1375 sive
709 1313 743 1375 iu
756 1312 899 1394 judiciis,
910 1315 1025 1378 sivein
1037 1335 1114 1381 con·

77 1396 245 1476 cionibus,
261 1397 474 1474 assuescebat,
489 1396 535 1460 ita
545 1410 580 1460 ut
589 1398 812 1463 altereationes
824 1419 953 1482 quoque
962 1400 1112 1484 excipere

77 1492 116 1543 et
127 1480 245 1564 jurgiis
259 1481 420 1560 iuteresse,
447 1494 546 1563 utque
560 1481 609 1546 sic
623 1481 771 1562 dixerim,
787 1503 932 1568 pugnare
948 1485 983 1549 in
998 1485 1111 1568 proelio

78 1565 243 1629 disceret:
259 1582 398 1661 magnus
409 1586 451 1630 ex
461 1565 525 1629 hoc
535 1585 625 1644 usus,
638 1569 778 1631 multum
792 1571 989 1632 constantia.
1034 1570 1112 1634 Plu·

76 1651 206 1713 rimurn
225 1649 341 1730 judieii
370 1648 549 1730 juvenibus
571 1650 680 1713 statim
704 1651 917 1736 contingebat,
940 1653 977 1714 in
1002 1653 1111 1717 medii

79 1737 160 1799 luce
173 1736 384 1814 studentibus,
409 1746 505 1817 atque
526 1735 608 1797 iuter
631 1734 912 1815 ipsadiscrimina,
937 1736 994 1798 ubi
1013 1754 1111 1802 nemo

77 1820 220 1899 impune
244 1820 341 1882 stulti:
357 1818 481 1900 aliquid
507 1829 563 1881 aut
582 1819 743 1882 contrarie
761 1817 849 1897 dicit,
873 1819 1061 1899 quominus
1079 1832 1112 1887 et

73 1903 185 1985 judex
200 1915 328 1986 respuat
341 1916 373 1966 et
386 1902 845 1985 adversarius-exprobet,-ipsi
860 1902 1000 1984 denique
1014 1905 1112 1969 advo·

75 1988 148 2053 cati
175 1999 400 2071 aspernentur,
440 1988 544 2072 Igitur
563 1986 641 2050 veri
664 1985 773 2049 statim
784 1996 818 2049 et
839 1986 1026 2069 incorrupti
1045 1989 1111 2054 elo·

74 2075 216 2156 quentii
231 2074 480 2137 imbuebantur:
502 2081 534 2135 et
547 2090 738 2153 quanquam
758 2090 865 2135 unum
889 2085 1109 2155 sequerentur,

77 2168 191 2222 tamen
206 2178 318 2223 omnes
332 2157 477 2238 ejusdem
492 2155 592 2219 atatis
608 2166 759 2236 patronos
774 2156 808 2217 iu
823 2155 972 2239 plurimis
986 2167 1018 2220 et
1033 2177 1109 2222 cau·

76 2243 126 2305 sis
141 2253 173 2305 et
189 2241 323 2322 judiciis
348 2242 602 2325 cognoscebant:
626 2239 850 2320 habebantque
870 2241 972 2323 ipsius
992 2242 1108 2323 populi

75 2326 377 2391 diversissimarum
391 2325 521 2388 aurium
534 2322 670 2404 copiam,
686 2341 727 2385 ex
740 2323 806 2404 qua
823 2324 918 2387 facile
932 2324 1109 2405 deprehen·

75 2410 205 2491 decent,
217 2412 295 2493 quid
309 2412 342 2473 in
354 2427 483 2492 quoque
494 2410 545 2470 vel
562 2407 758 2488 probaretur,
771 2409 822 2471 vel
834 2407 1027 2489 displiceret.
1058 2410 1108 2474 lta

75 2514 144 2559 nec
155 2506 329 2578 praeceptor
339 2495 455 2570 deerat,
470 2491 613 2572 optimus
624 2490 756 2571 quidem
766 2501 798 2554 et
812 2490 1034 2569 electissimus,
1049 2493 1107 2575 qui

77 2579 200 2644 faeiem
213 2579 416 2661 eloquentiae,
438 2593 506 2638 non
521 2576 566 2638 im
611 2573 699 2638 inem
713 2584 896 2657 praestaret:
919 2593 980 2640 nee
996 2577 1108 2642 adver·

76 2664 158 2727 sarii
172 2675 203 2727 et
217 2665 327 2728 aemuli
341 2661 433 2738 ferro,
453 2677 520 2723 non
540 2679 578 2723 ru
604 2660 686 2739 ibus,
705 2660 911 2724 dimicantes:
934 2659 992 2723 sed
1014 2659 1107 2725 audi·

77 2749 203 2811 torium
216 2766 341 2829 semper
355 2747 498 2828 plenum,
525 2763 650 2828 semper
665 2764 799 2825 novum,
816 2765 860 2809 ex
873 2743 996 2809 invidis
1018 2757 1050 2810 et
1064 2745 1110 2810 fa·

77 2833 241 2911 ventibus,
252 2842 289 2894 ut
300 2850 360 2893 nec
373 2831 453 2893 bene
464 2829 552 2894 dicta
562 2830 853 2894 dissimularentur.
898 2829 996 2895 Scitis
1006 2831 1106 2910 enim,

77 2935 234 2999 magnam
249 2917 340 2979 illam
354 2924 385 2977 et
405 2914 594 2978 duraturam
610 2914 801 2994 eloquentiae
822 2913 943 2975 famam
958 2930 1026 2973 non
1047 2913 1106 2975 mi·

76 3006 141 3064 nus
155 3001 189 3062 in
207 2998 343 3062 diversis
361 2998 524 3062 subselliis
545 2997 660 3078 parari,
682 2999 781 3077 quim
794 2996 884 3057 suis:
906 2994 1105 3075 quinimmo

76 3084 277 3150 constantius
291 3102 422 3169 surgere
438 3082 492 3160 ibi,
504 3079 632 3143 fidelius
643 3077 851 3143 corroborari.
895 3079 1012 3158 Atque,
1025 3078 1106 3141 Her·

75 3173 163 3249 cule,
178 3172 238 3234 sub
263 3166 421 3250 ejusmodi
437 3164 685 3249 preceptoribus
696 3161 829 3245 juvenis
844 3161 908 3240 ille,
923 3159 1044 3243 dequo
1059 3163 1105 3226 lo·

76 3257 220 3342 quimur,
235 3266 399 3318 oratorum
413 3249 603 3332 discipulus,
619 3249 679 3313 fori
689 3247 827 3324 auditor,
839 3256 975 3342 sectator
986 3244 1105 3342 judici·

77 3344 215 3419 ciorum,
230 3338 376 3402 eruditus
390 3345 422 3400 et
438 3335 638 3399 assuefactus
652 3332 768 3397 alienis
783 3339 1020 3412 experimentis,
1037 3331 1102 3413 cui,

100 3424 222 3488 uotidie
237 3422 390 3500 audienti,
411 3432 493 3485 notae
514 3423 611 3504 leges
626 3439 693 3485 non
716 3414 793 3480 novi
813 3412 965 3494 judicum
979 3415 1102 3508 vultus,

76 3448 230 3591 irequens
245 3508 280 3570 iu
295 3507 400 3570 oculis
415 3504 614 3568 consuetudo
633 3502 839 3577 concionum,
863 3499 948 3577 saepe
965 3505 1103 3578 cognita

76 3593 190 3679 populi
206 3612 308 3671 aures,
331 3588 400 3653 sive
422 3588 661 3667 accusationem
677 3589 868 3663 susceperat,
884 3580 953 3640 sive
968 3575 1105 3637 defensi·

76 3695 184 3757 onem,
209 3677 299 3739 solus
313 3674 423 3738 statim
444 3681 476 3736 et
497 3690 605 3814 unusss4
599 3669 797 3782 quicumque
817 3677 924 3723 causae
946 3674 1004 3738 par
1026 3661 1103 3714 erat.
