2392 4050
133 189 174 254 60
484 187 521 252 C.
537 187 648 251 Gonu.
665 185 802 251 Trcrrr
948 186 1000 274 [A.
1017 188 1057 252 U.
1072 186 1141 253 822.

130 379 251 445 paucos
265 358 443 426 incusavit:
465 376 585 444 gnarus
606 357 758 424 civilibus
779 358 871 423 bellis
892 361 966 443 plus
980 358 1141 440 militibus,
1184 357 1185 440 ff

130 449 229 532 quint
242 448 400 523 Ducibus,
414 446 520 510 licere.
571 466 573 468 ¹
1184 507 1185 514 ,

175 534 284 600 XXX.
307 530 530 596 Munientibus
552 540 656 593 castra
676 528 762 611 apud
785 528 953 609 Ticinum,
977 529 1018 595 de
1034 531 1140 597 aversi
1184 525 1185 604 l

132 619 268 683 Caecinae
281 617 391 702 pugni
404 617 547 695 allatum,
562 624 594 677 et
619 616 715 697 prope
738 623 891 679 renovata
910 614 1033 695 seditio,
1060 624 1140 681 ‘tan-
1184 615 1185 700 l

131 723 229 786 quam
242 701 395 767 fraudeet
404 701 664 766 cunctationibus
675 699 819 764 Valentis
827 700 936 783 praelio
948 699 1139 766 defuissent!
1184 705 1185 774 ζ

131 789 228 854 Nolle
242 788 394 870 requiem,
408 806 473 853 non
489 797 658 869 expectare
673 786 810 865 Ducem,
834 785 955 850 anteire
976 786 1077 872 signa,
1091 807 1140 852 ur·
1184 779 1185 810 ¹

131 894 206 959 gere
216 873 402 958 signiferos:
425 871 536 955 rapido
550 872 678 955 agmine
694 870 833 934 Caecius
844 869 1040 957 junguntur.
1081 872 1140 939 lm-

131 978 281 1042 prospera
304 958 446 1023 Valentis
471 956 557 1022 sarna
581 956 668 1040 apud
690 957 1035 1022 exercitum-Oaeciuae
1058 969 1138 1023 erat:

132 1044 312 1126 ‘expositos
336 1064 370 1107 se
395 1042 483 1107 tanto
508 1044 673 1126 pauciores
695 1043 830 1127 integris
852 1043 993 1106 hostium
1008 1043 1142 1124 viribus,'

129 1130 354 1212 querebantur,
365 1129 462 1193 simul
483 1128 515 1191 in
531 1147 625 1191 suam
638 1126 886 1207 excusationem,
901 1138 932 1192 et
945 1128 1139 1196 adventanti-

129 1233 188 1279 um
202 1215 297 1279 robur
307 1235 363 1298 per
374 1213 591 1278 adulationem
602 1213 790 1294 attollentes,
801 1231 842 1275 ne
853 1223 890 1277 ut
902 1213 979 1276 victi
990 1215 1042 1277 eti
1066 1217 1138 1279 navi

129 1298 397 1383 despectarentur.
440 1299 485 1363 Et
498 1317 685 1380 quanquam
698 1299 771 1380 plus
784 1295 912 1380 virium,
927 1300 1026 1383 prope
1041 1237 1141 1385 dupli-

129 1396 220 1450 catus
247 1386 412 1471 legionum
439 1383 697 1465 auxiliorumque
724 1400 880 1447 numerus
905 1395 972 1448 erat
1006 1387 1138 1466 Valenti,

129 1470 237 1534 studia
261 1481 367 1535 tamen
393 1471 533 1533 militum
558 1469 592 1531 in
620 1466 786 1531 Caecinam
807 1470 1024 1554 inclinabant,
1047 1491 1139 1557 super

129 1555 360 1641 benignitatem
382 1555 493 1632 animi,
516 1554 582 1637 qui
606 1552 759 1636 promtior
782 1554 966 1635 habebatur,
991 1556 1139 1622 etiamvi·

152 1661 205 1705 ore
219 1642 327 1723 aetatis,
341 1640 527 1724 proceritate
541 1640 682 1723 corporis
696 1648 727 1703 et
747 1639 888 1721 quodam
909 1640 999 1704 inani
1022 1640 1136 1707 favore.

127 1661 216 1791 hinc
231 1726 391 1792 aemulatio
407 1725 564 1790 Ducibus.
608 1723 738 1789 Oaeciua
753 1733 807 1789 ‘ut
821 1724 945 1791 loedum
958 1736 990 1788 et
1001 1729 1137 1792 maculo

128 1831 202 1877 sum
210 1814 229 1876 ε’
250 1814 306 1877 ille
333 1820 388 1877 ‘ut
417 1831 541 1874 vanum
570 1830 608 1874 ac
637 1809 818 1891 tumidunr,'
848 1810 1032 1876 irridebant.
1077 1813 1136 1879 Sed

126 1899 258 1963 condito
271 1897 354 1979 odio,
376 1897 512 1961 eandem
526 1896 696 1960 utilitatem
711 1895 827 1975 fovere,
849 1896 967 1960 crebris
988 1897 1137 1979 epistolis,

128 1984 199 2049 sine
211 1994 355 2068 respectu
369 1983 480 2065 verrin,
495 1982 611 2066 probra
622 1981 742 2047 Othoni
754 1981 967 2063 objectantes:
990 1984 1065 2048 cum
1076 1985 1138 2049 Du·

126 2086 181 2134 ces
193 2070 334 2152 partium
349 2069 495 2146 Othonis,
518 2067 669 2149 quamvis
687 2068 848 2133 uberrimi
869 2069 1135 2138 conviciorumin

127 2154 296 2220 Vitellium
308 2154 449 2234 materiai,
464 2154 666 2216 abstinerent.

170 2240 298 2305 XXXI.
321 2239 407 2304 Sane
436 2247 510 2301 ante
538 2238 705 2320 utriusque
729 2238 861 2319 exitum,
886 2258 951 2321 quo
976 2241 1136 2328 egregiam

127 2325 215 2389 Otho
229 2323 357 2403 lamam,
382 2323 531 2388 Vitellius
549 2324 839 2409 flagitiosissimam,
862 2324 1017 2406 meruere,
1034 2328 1136 2391 miuus

126 2409 248 2474 Vitellii
264 2410 390 2495 ignavae
407 2412 593 2492 voluptates,
616 2410 714 2490 quim
736 2410 873 2474 Othonis
887 2409 1135 2495 flagrantissima

126 2495 275 2561 libidines
304 2495 507 2559 timebantur.
550 2494 725 2559 Addiderat
753 2495 831 2558 huic
864 2507 1016 2559 terrorem
1044 2507 1134 2581 atque

125 2582 237 2645 odium
251 2581 353 2645 cedes
368 2582 498 2663 Galbae3
522 2581 633 2643 contri
656 2580 705 2644 illi
729 2580 859 2645 initium
881 2582 957 2645 belli
972 2600 1069 2645 nemo
1083 2583 1135 2645 im·

125 2668 267 2750 putabat.
310 2666 458 2730 Vitellius
473 2676 584 2729 ventre
606 2676 638 2729 et
659 2667 737 2751 gulia
750 2666 810 2729 sibi
826 2667 892 2748 ipse
906 2667 1027 2748 hostis3
1053 2669 1134 2733 Otho

59 2752 219 2841 Qu,
242 2750 374 2831 saevitia,
398 2751 541 2830 audaciai,
565 2751 759 2833 Reipublicae
773 2752 936 2816 exitiosior
950 2752 1133 2817 ducebatur.

126 2833 316 2918 Oonjunctis
332 2838 465 2901 Caecinae
488 2856 526 2900 ac
551 2837 694 2902 Valentis
710 2837 820 2920 copiis,
835 2839 928 2902 nulla
941 2838 1027 2901 ultrb
1040 2856 1135 2921 penes

125 2923 312 2988 Vitellianos
326 2943 423 3003 mora,
437 2923 516 3006 quin
532 2923 605 2985 totis
618 2924 739 2986 viribus
754 2933 920 2987 certarent.
964 2923 1051 2987 Otho
1066 2943 1134 3007 opu·

123 3008 265 3088 sultavit,
295 3008 378 3071 trahi
404 3009 533 3085 bellum,
563 3027 604 3071 an
638 3006 799 3073 fortunam
827 3007 964 3092 experiri
989 3011 1133 3092 placeret.

126 3097 217 3160 Tum
232 3094 406 3158 Suetonius
429 3093 596 3172 Paulinae,
622 3092 761 3179 dignum
780 3093 865 3158 sami
886 3094 1058 3176 subrutus,
1073 3092 1132 3178 qui

123 3199 218 3244 nemo
234 3179 289 3244 tut
304 3188 486 3261 tempestate
501 3179 647 3242 militaris
671 3180 724 3242 rei
738 3179 884 3244 callidior
898 3181 1084 3263 habebatur,
1097 3179 1132 3242 de

125 3276 190 3329 toto
200 3262 316 3350 genere
332 3266 405 3328 belli
421 3284 559 3345 censere,
577 3263 830 3328 ‘festinationem
844 3265 997 3347 hostibus,
1013 3283 1133 3330 moram

92 3368 95 3376 ’
123 3351 200 3434 ipsis
215 3350 336 3413 utilem'
350 3349 507 3413 disseruit.

140 3470 144 3477 ·
166 3436 309 3499 XXXII.
346 3434 555 3497 ‘Exercitum
582 3433 703 3497 Vitellii
732 3434 922 3499 universum
949 3434 1131 3501 advenisse:

122 3536 183 3580 nec
198 3519 338 3581 multum
351 3517 471 3581 virium
486 3539 505 3581 a
518 3530 617 3603 tergo,
632 3518 784 3601 quoniam
799 3520 914 3584 Gallia
937 3530 1090 3602 tumffint,
1103 3529 1131 3583 et

39 3669 42 3674 ¹
120 3601 267 3665 deserere
288 3602 393 3665 Rheni
408 3601 518 3684 ripam,
532 3604 702 3685 irrupturis
718 3611 789 3667 tam'
804 3605 927 3669 infestis
941 3607 1130 3684 nationibus,

121 3702 189 3747 uon
211 3683 390 3749 conducat:
412 3686 637 3752 Britannicum
660 3688 797 3755 militem
819 3691 910 3756 hoste
931 3703 963 3757 et
976 3692 1057 3758 mari
1073 3694 1130 3759 dis·
