2392 4050
82 197 150 265 260
443 193 765 265 O.Gonrt.'1'scrnt

82 368 237 438 dimitam
249 364 391 451 quidem,
406 365 464 434 sed
477 366 724 433 inexercitatam
740 376 773 432 et
793 365 953 451 eiusmodi
966 366 1112 434 certami=

82 471 167 519 num
180 451 305 532 rudem,
320 451 466 518 Helvidii
487 452 680 536 sapientiam
701 452 810 518 elusit.
854 453 957 518 Plura
969 453 1015 517 de
1025 452 1111 519 utili·

83 547 148 602 tate
164 535 328 617 madico,
344 535 398 601 cui
418 537 502 621 parti
526 536 664 603 minimi
690 537 971 605 contradicturum
993 539 1111 604 Mater·

81 639 165 687 num
179 639 290 685 meum
301 620 447 687 arbitror.

126 707 182 771 VI.
204 705 258 770 Ad
271 706 472 789 voluptatem
485 704 634 770 oratorie
647 706 840 788 eloquentie
855 717 992 787 transeo,
1014 703 1111 786 cujus

79 789 270 874 jucunditas
284 807 352 855 uon
366 807 436 855 uno
450 788 561 872 aliquo
575 801 749 870 momento,
770 790 830 854 sed
842 792 994 857 omuibus
1007 789 1112 874 prope

81 875 205 955 (imbus,
227 885 260 938 et
280 874 381 957 prope
404 873 556 940 omuibus
578 871 669 937 horis
686 874 798 939 contin
824 874 856 938 't
900 875 996 946 Quid
1021 874 1113 940 enim

81 958 213 1031 duicIus
228 958 329 1024 libero
340 967 373 1021 et
386 956 532 1044 ingenuo
542 956 652 1024 auimo
662 966 695 1022 et
708 958 803 1024 advo
816 968 944 1043 uptates
955 959 1112 1024 honestas
1140 1011 1146 1026 .

81 1054 168 1124 nato,
190 1049 290 1126 quem
303 1039 414 1108 videre
428 1043 559 1126 plenam
572 1060 699 1126 semper
713 1052 746 1106 et
759 1042 962 1129 frequentem
974 1043 1115 1108 domum

81 1146 245 1193 concursu
258 1125 597 1211 splendidissimorum
610 1126 808 1192 hominumi
830 1128 930 1211 idqrre
943 1127 1029 1192 scire
1044 1144 1112 1192 uon

80 1212 239 1297 munire,
260 1230 330 1277 non
343 1210 481 1291 orbitati,
503 1210 724 1308 nequeofficii
743 1211 885 1292 alicujus
906 1211 1114 1277 administra·

80 1295 172 1377 tiom,
194 1297 252 1362 sed
264 1295 326 1362 sibi
344 1296 415 1379 ipsi,
436 1294 535 1361 darii
556 1296 632 1362 illos
644 1294 827 1380 quinimmo
847 1298 943 1361 orbos
964 1306 999 1361 et
1021 1296 1114 1359 locu·

80 1381 182 1465 platea
196 1390 228 1445 et
241 1389 385 1464 potantes
404 1379 517 1444 venire
537 1380 731 1463 piemmque
748 1381 791 1444 ad
809 1378 966 1460 juvenem
986 1389 1018 1444 et
1076 1398 1114 1443 u·

80 1481 199 1548 peram,
210 1473 248 1527 ut
258 1472 315 1529 aut
324 1482 395 1544 sua,
410 1474 467 1529 sut
477 1464 660 1529 amicorum
669 1463 861 1530 discrimina
870 1483 1022 1532 commen
1046 1474 1112 1529 eut.

83 1547 203 1614 Uilane
217 1558 308 1613 tanta
321 1547 506 1635 ingentium
520 1567 622 1634 opum
634 1567 673 1613 ac
688 1567 815 1633 magnae
828 1548 980 1632 potentiae
996 1550 1113 1631 volun

80 1641 140 1714 tas,
161 1639 262 1716 quam
275 1643 420 1716 spectare
434 1631 584 1696 homiues
595 1642 723 1697 ueteres
737 1642 769 1697 et
782 1652 875 1699 senes
889 1643 921 1697 et
933 1631 1037 1696 totius
1059 1650 1114 1696 ur·

79 1716 131 1784 bis
145 1717 249 1802 gratis
263 1717 433 1798 subnixos,
457 1717 493 1781 in
504 1715 636 1782 summi
654 1716 805 1782 omnium
818 1736 929 1782 rerum
942 1716 1113 1781 abuudan-

80 1801 135 1884 tit,
150 1802 349 1881 coufitentes,
362 1801 398 1866 id
409 1800 499 1885 quod
509 1802 670 1883 optimum
682 1800 734 1884 sit,
747 1821 783 1866 sc
793 1820 862 1866 uon
875 1801 1022 1866 heberei
1040 1800 1113 1881 jam

80 1886 167 1968 vero,
189 1886 246 1971 qui
259 1896 445 1971 togatorum
462 1884 635 1950 comitatus
648 1893 682 1948 nt
694 1888 864 1971 egressus!
885 1905 959 1969 que
974 1885 1011 1948 in
1030 1886 1114 1967 pun

80 1970 147 2038 lico
163 1972 309 2056 speciest
330 1990 403 2055 quae
426 1969 463 2034 in
480 1968 615 2050 jndiciis
634 1969 819 2037 veneratioi
840 1969 931 2054 quod
949 1968 1113 2057 gaudium

81 2054 299 2143 consurgendi
318 2054 552 2138 maisteudique
574 2054 660 2123 inter
677 2063 830 2135 meantes,
852 2055 887 2119 in
910 2073 1019 2119 uuum
1033 2073 1113 2121 con·

80 2157 212 2207 versos:
232 2140 319 2205 coire
342 2140 502 2224 populum
518 2148 551 2202 at
567 2135 788 2204 circumfundi
811 2158 964 2203 coronam
978 2146 1011 2203 et
1025 2137 1112 2202 acci·

79 2240 157 2308 pere
182 2223 344 2305 affectum,
364 2240 604 2307 quemcumque
627 2231 734 2287 orator
754 2222 919 2287 induerit!
963 2222 1111 2306 Vulgata

79 2304 262 2375 dicentium
271 2307 400 2397 gaudia,
425 2305 945 2389 etimperitommquoqueoculis
955 2306 1113 2390 exposita,

26 2434 32 2445 ι
79 2409 263 2478 Ρεῐοθιιεοο.
307 2394 370 2458 Ilia
383 2390 568 2470 secretiora?
578 2400 611 2453 et
619 2391 744 2454 tantum
754 2390 833 2474 ipsis
844 2389 1011 2455 orantibus
1021 2399 1110 2471 uota,

80 2478 206 2560 majora
219 2487 307 2543 suut
349 2476 428 2542 Sive
447 2485 635 2540 accuratam
660 2474 912 2558 meditatamque
929 2475 1021 2540 effert
1041 2493 1112 2538 ora-

80 2562 203 2629 tionem
215 2584 228 2644 3.
246 2571 295 2626 est
317 2559 484 2645 quoddam
507 2557 592 2624 sicut
615 2558 719 2642 ipsius
741 2558 902 2641 dictionis,
923 2558 970 2622 ita
983 2556 1109 2645 gaudii,

79 2646 208 2730 pondus
221 2656 254 2710 et
267 2645 467 2711 constantia:
480 2643 551 2709 sire
562 2662 683 2709 novam
697 2652 729 2706 et
743 2652 905 2711 recentem
918 2662 1033 2708 curam
1040 2660 1111 2707 nou

79 2731 152 2794 sine
167 2729 277 2810 aliqud
297 2726 510 2811 trepidatione
530 2728 635 2793 animi
657 2726 818 2809 attulerit3
840 2729 912 2810 ipsa
933 2726 1109 2792 solicitudo

80 2811 287 2878 commendet
300 2821 456 2877 eventum
478 2822 510 2876 et
532 2812 737 2877 lenocinatur
759 2810 931 2895 voluptati.
973 2810 1042 2876 seu
1055 2830 1112 2875 ex·

79 2895 267 2982 temporalis
280 2896 425 2962 audsoiae
438 2906 536 2980 atque
557 2895 660 2980 ipsius
674 2895 860 2963 temeritatis
874 2896 927 2959 vel
942 2896 1110 2979 praecipua

76 2981 268 3065 jucunditas
280 2991 340 3047 est.
383 2981 471 3046 Nam
492 2981 528 3044 iu
551 2980 685 3064 ingenio
707 2999 847 3063 quoque,
868 2978 954 3045 sicut
967 2979 1004 3042 in
1020 2998 1108 3075 agro,

78 3085 270 3153 quanquam
287 3066 352 3133 alia
369 3064 427 3131 diu
449 3074 597 3131 serantur
619 3080 715 3149 atque
729 3065 944 3145 elaberentur,
965 3073 1110 3148 grauem

79 3162 199 3232 minen,
213 3171 287 3235 quse
301 3152 362 3217 sui
374 3158 489 3234 sponte
502 3159 695 3214 nascuntur.

123 3237 196 3302 vu
219 3235 392 3319 Equidem,
403 3244 442 3299 ut
455 3232 496 3299 de
510 3253 562 3300 me
576 3233 646 3317 ipse
659 3232 771 3314 fatear,
785 3250 854 3297 non
866 3250 944 3296 eum
956 3229 1045 3295 diem
1056 3231 1109 3295 ln·

78 3319 195 3386 tiorem
215 3321 278 3405 egi,
302 3339 369 3405 quo
391 3318 473 3385 mihi
499 3320 583 3383 latus
606 3319 721 3383 onmis
743 3318 872 3381 oblatus
891 3325 959 3394 est,
972 3316 1026 3379 vei
1042 3334 1108 3398 quo

78 3403 178 3469 homo
187 3421 302 3483 novus,
317 3403 393 3467 etin
404 3402 535 3467 civitate
544 3402 679 3469 minime
689 3401 860 3466 favorabili
870 3408 976 3480 natus,
992 3401 1110 3470 Quaes-

78 3494 195 3566 turam,
210 3497 267 3549 aut
281 3486 513 3566 Tribunatu-m,
528 3497 585 3551 aut
596 3486 777 3550 Praturam
785 3485 921 3568 accepi:
943 3490 1043 3567 qutm
1054 3504 1110 3548 eos

77 3570 197 3651 quibus
211 3568 303 3650 mihi,
318 3588 377 3652 pro
391 3567 611 3634 mediocritate
625 3568 726 3650 hujus
770 3570 1058 3651 uantulecumque
1073 3568 1110 3632 in

77 3652 218 3718 dicendo
228 3652 399 3734 facultatis,
415 3662 472 3719 aut
484 3673 578 3727 reum
588 3590 934 3741 proportionem,
949 3662 1008 3719 aut
1017 3650 1108 3737 apud
