2392 4050
84 236 90 251 ,
133 194 198 259 roo
487 193 807 261 comensem
944 142 1126 281 'musta
1164 152 1165 157 Ν

131 363 165 429 it.
210 364 254 431 Et
268 364 382 431 furtim
402 367 513 451 magis,
537 367 636 451 quim
657 367 753 449 bello,
776 365 1005 432 Canninefates
1023 367 1126 432 blarsa·

131 470 250 535 cosque
263 450 456 516 incursabat.
500 452 625 518 Vocula
641 454 814 518 Gallorum
827 451 942 518 fraude
955 454 1081 534 illeettu,
1092 451 1127 515 ad

131 535 256 601 hostem
269 536 443 603 contendit.

176 621 278 688 LVII.
301 623 371 688 Nec
385 623 497 709 procul
518 623 687 688 Veteribus
707 625 824 705 aberat,
846 624 921 688 cum
935 623 1088 689 Classicus
1099 640 1129 684 ac

133 706 249 789 Tutor,
271 727 328 793 per
342 709 481 792 speeiem
499 708 690 791 explorandi
712 711 890 795 praegressi,
911 729 989 773 cum
1003 709 1129 774 Ducibus

133 793 373 860 Germanorum
384 803 478 878 pecta
491 794 671 859 firmavere.
708 795 863 878 Tumque
874 795 1014 878 primitur
1023 791 1130 858 discreti

132 899 153 942 a
171 878 352 965 legionibus
372 880 499 963 proprio
514 881 601 944 vello
614 892 720 969 castra
737 900 799 944 sua
817 881 1028 959 circumdant,
1047 881 1131 942 obtes-
1164 902 1165 953 3

135 972 221 1029 tante
236 963 369 1044 vocure,
393 971 478 1029 ‘non
503 964 583 1030 adeb
608 967 769 1031 turbatam
790 965 943 1030 civilibus
967 965 1063 1030 armis
1079 981 1131 1026 rem
1164 978 1165 981 ’

134 1048 322 1130 Romanam,
344 1060 381 1115 ut
407 1050 560 1115 Treveris
582 1052 679 1116 etiam
699 1051 964 1138 Lingonibusque
987 1047 1131 1134 despectui

133 1133 184 1198 sit.
228 1134 404 1218 Superesse
417 1136 499 1200 fidas
511 1136 705 1219 provincias,
720 1138 856 1201 victores
871 1137 1040 1215 exercitus,
1054 1135 1132 1199 lomi·

133 1236 211 1286 nam
226 1220 366 1304 Imperii,
388 1232 419 1286 et
439 1223 559 1286 ultores
582 1223 679 1286 Deos.
723 1223 778 1287 Sic
799 1222 1132 1287 olim-Sacrovirumet

135 1305 270 1386 AEdoos,
285 1325 331 1371 nu
372 1327 388 1370 r
400 1306 570 1372 Vindicem
581 1308 780 1391 Galliasque,
794 1307 934 1393 singulis
945 1308 1063 1390 praeliis
1076 1323 1134 1370 cou-

133 1390 257 1457 cidisse.
344 1391 437 1457 adem
462 1410 574 1459 rursus
600 1393 753 1472 Numina,
775 1392 889 1459 eadem
913 1393 986 1474 sata,
1010 1401 1133 1475 ruptore

135 1476 294 1544 sorderum
314 1487 528 1561 expectarent.
573 1479 690 1544 Metius
711 1478 798 1543 Divo
813 1480 901 1543 Julio
921 1478 1070 1561 Divoque
1083 1477 1134 1541 Au-

135 1574 230 1646 gusto
245 1573 338 1627 notos
352 1582 465 1628 eorum
478 1564 615 1628 animos.
659 1565 807 1643 Galbam,
829 1575 861 1627 et
875 1564 1013 1629 infracta
1026 1562 1134 1639 tribute,

135 1649 269 1714 hostiles
283 1648 414 1731 spiritus
435 1647 589 1714 induisse.
633 1650 730 1715 Nunc
751 1650 866 1729 hostes,
891 1652 970 1732 quia
982 1651 1075 1713 molle
1087 1664 1135 1709 ser·

135 1735 271 1801 vitium:
293 1739 367 1799 cirm
379 1733 507 1818 spoliati
521 1736 674 1820 exutique
689 1735 817 1814 suerint,
831 1735 952 1799 amicos
967 1732 1134 1815 loretum

135 1819 284 1886 ferociter
296 1822 432 1899 locutus,
448 1830 617 1904 postquam
627 1832 768 1904 perstare
779 1822 811 1885 in
824 1820 958 1903 perfidia
974 1819 1133 1884 Classicum

139 1906 363 1989 Tutoremque
392 1904 488 1987 videt,
517 1927 610 1971 verso
640 1907 762 1986 itinere,
793 1905 986 1971 Novesium·
1001 1901 1133 1969 concedit

136 1992 225 2058 Galli
240 1992 341 2059 durim
353 1991 495 2057 millium
508 1993 610 2076 spatio
630 1991 822 2057 distantibus
836 1989 960 2075 campis
973 1987 1132 2056 consedere.

136 2078 220 2144 Illuc
234 2076 486 2143 commeantium
501 2078 738 2143 centurionum
751 2078 951 2161 militumque
967 2078 1132 2142 emebantur

136 2162 256 2228 animi:
279 2171 316 2227 ut
330 2162 504 2250 (flagitium
524 2163 742 2249 incognitum)
764 2164 931 2227 Romanam
944 2158 1130 2228 exercitusiu

138 2259 271 2313 externa
284 2249 382 2314 verbu
399 2247 553 2329 jnrsrent,
566 2245 753 2335 'pignusque
768 2249 846 2313 tanti
861 2249 990 2314 sceleris
1004 2265 1078 2325 nece
1090 2250 1131 2306 aut

136 2332 277 2399 vinculis
297 2333 494 2419 legatorum
514 2333 655 2399 deretur.
699 2336 833 2415 Vocula,
854 2353 1041 2417 quanquam
1058 2326 1130 2415 pleri·

135 2438 199 2504 que
213 2417 324 2507 fugam
338 2419 524 2499 suadebant,
546 2420 735 2485 audendum
748 2430 845 2501 ratus,
864 2421 978 2483 vocate
991 2417 1132 2492 concione,

130 2505 172 2571 vin
187 2505 276 2570 hunc
291 2504 426 2570 modurn
439 2503 600 2571 disseruit.

180 2590 299 2656 LVIII.
323 2589 522 2673 ‘Nunquam
542 2590 630 2675 apud
644 2610 703 2654 vos
716 2590 815 2654 verba
834 2588 894 2654 feci
916 2600 973 2654 aut
990 2609 1048 2673 pro
1060 2582 1130 2651 vobis

137 2674 314 2755 sollicitior,
336 2684 393 2738 aut
429 2695 463 2739 ro
482 2696 534 2739 me
551 2675 702 2742 securior.
746 2676 831 2741 Nam
854 2675 933 2739 milri
952 2676 1083 2740 exitium
1093 2689 1131 2754 pt·

137 2760 211 2839 rari,
234 2759 337 2826 libens
352 2780 395 2825 au
419 2760 469 2824 io:
492 2773 689 2846 mortemque
703 2761 737 2826 in
753 2771 798 2825 tot
813 2760 907 2825 malis
922 2761 1091 2837 honestam,
1105 2761 1131 2817 tlt

138 2846 239 2914 finem
252 2844 462 2925 miseriarum,
478 2859 622 2930 expecto.
667 2846 771 2913 Vestri
786 2866 838 2911 me
853 2845 949 2929 pudet
965 2849 1130 2924 miseretque

138 2934 290 3000 adversus
303 2951 385 3017 quos
400 2950 465 2996 uon
481 2933 628 3015 prelium
643 2944 675 2996 et
688 2933 773 2998 acies
786 2929 947 3016 parantur,
962 2932 996 2996 id
1010 2924 1130 2995 enimfrt

139 3039 304 3088 armorum
316 3029 350 3084 et
367 3018 421 3101 jus
436 3017 587 3100 bostium.
632 3019 762 3083 Bellum
776 3038 854 3083 cum
867 3017 994 3101 Populo
1008 3018 1129 3083 nomm

138 3107 252 3172 vestris
266 3126 300 3170 se
314 3105 464 3170 menibus
475 3116 651 3189 gesturum,
666 3104 829 3169 Classicus
840 3113 952 3185 sperat,
969 3100 1129 3188 Imperium

137 3211 202 3274 que
224 3204 255 3258 et
276 3200 514 3256 sacramentum
537 3190 722 3255 Galliarum
744 3198 889 3253 ostentat.
932 3188 1024 3254 Adeb
1037 3197 1128 3263 nostr

138 3276 268 3341 fortuna
282 3276 316 3341 in
330 3296 470 3360 praesens
482 3275 648 3358 virtusque
658 3275 808 3354 deseruit,
823 3272 920 3338 etiam
928 3285 1036 3339 vetera
1047 3284 1128 3335 eren

138 3365 193 3446 ple
206 3360 362 3427 deliciunt
374 3385 382 3444 3
404 3360 552 3445 quotiens
562 3361 715 3426 Romane
731 3360 873 3443 legiones
887 3360 990 3443 perire
1002 3362 1126 3443 preopttj

139 3449 254 3528 verint,
276 3464 318 3509 ne
340 3447 412 3509 loco
436 3446 649 3528 pellerentur:
671 3445 750 3510 socii
775 3446 857 3527 saepb
878 3445 988 3526 nostri,
1009 3432 1124 3509 exscindi

59 3563 64 3574 ·
139 3532 235 3599 urbes
249 3547 335 3609 suas,
350 3549 446 3613 seque
460 3548 538 3593 cum
551 3530 744 3616 conjugibus
759 3550 797 3594 ac
813 3530 919 3595 liberis
933 3528 1068 3604 cremari,
1076 3538 1123 3605 pet·

139 3618 303 3682 tulerunt:
325 3633 430 3697 neque
445 3614 534 3677 eliud
555 3616 694 3697 pretium
712 3616 825 3696 exitiis,
847 3623 946 3699 quom
964 3609 1067 3680 fidesl
1114 3637 1122 3649 ·

32 3765 33 3774 ,
137 3722 211 3786 que.
257 3700 414 3765 Toletum
429 3700 502 3767 cum
515 3699 657 3766 maxime
672 3700 819 3786 inopiam
830 3700 1048 3787 obsidiumque
1060 3685 1120 3779 tpld
