2392 4050
98 200 142 265 42
427 172 477 263 ἸΟ.
493 200 604 265 Corra.
620 198 757 266 Tacrar
913 201 965 289 [A.
981 201 1023 269 U.
1038 203 1114 268 822.

102 373 239 455 refusus,
253 391 320 437 non
335 371 431 437 madh
441 371 582 454 jacentia
592 382 624 436 et
637 375 736 457 plana
746 373 834 438 urbis
845 374 926 455 loca,
937 375 994 438 sed
1003 395 1118 440 secura

102 458 288 541 hujusmodi
303 477 439 522 casuum
463 460 619 542 implevit.
661 459 756 543 Rapti
779 480 797 522 e
818 461 948 542 publico
961 462 1118 545 plerique,

101 548 211 630 plures
225 546 260 610 in
274 543 413 609 tabernis
427 554 458 607 et
473 545 635 609 cubilibus
649 544 823 629 intercepti.
867 546 985 611 Fames
996 547 1032 609 in
1046 548 1117 610 rarl-

103 653 175 719 gus,
197 631 306 715 inopia
326 630 464 713 quastus
478 640 509 694 et
527 629 664 712 penuria
678 631 913 696 alimentorum.
958 633 1120 714 Corrupto
1181 698 1182 701 ,

103 717 324 804 stagnantibus
339 717 431 798 aquis
445 717 625 785 insularum
635 716 851 798 fundamenta,
862 716 947 795 dein,
957 728 1119 783 remeante

103 804 246 883 flumine,
266 801 398 884 dilapsa.
441 803 548 885 thue
563 800 700 885 primirm
714 821 838 867 vacuus
852 802 1030 884 epericulo
1052 802 1121 866 ani·
1181 848 1182 851 ,

104 908 176 956 mus
191 888 260 967 fuit,
280 887 314 952 id
336 887 451 970 ipsam,
473 887 560 970 qudd
581 888 706 970 paranti
728 886 964 971 expeditionem
985 887 1121 967 Othoni,
1181 958 1182 963 ἵ

104 992 238 1058 campus
252 973 388 1039 Martius
402 983 433 1037 et
448 974 501 1037 via
515 974 678 1039 Flaminia
698 973 759 1038 iter
781 974 856 1037 belli
876 984 959 1037 asset
979 975 1123 1038 obstruc-

104 1070 209 1124 tuma
229 1058 366 1124 fortuitis
392 1060 444 1125 vel
466 1059 667 1123 naturalibus
690 1060 805 1140 causis,
826 1059 860 1122 in
882 1058 1068 1144 prodigium
1090 1068 1123 1122 et

84 1165 198 1235 xomen
214 1144 452 1209 imminentium
466 1143 609 1209 cladium
622 1145 811 1210 vertebatur.

61 1242 109 1291 τὲ
143 1230 353 1295 LXXXVII.
375 1229 471 1310 Otho,
487 1230 620 1294 lustrata
639 1230 727 1310 urbe,
741 1242 774 1294 et
787 1228 935 1314 expensis
949 1229 1027 1293 belli
1043 1247 1122 1292 con·
1181 1291 1182 1296 ,

104 1314 333 1400 anticipando
345 1314 476 1381 Peninae
489 1316 666 1398 Cottiaeque
676 1316 817 1398 Alpes-et
827 1315 923 1381 ceteri
935 1315 1124 1387 Galliarum

104 1402 208 1467 aditus
223 1400 404 1467 Vitellianis
418 1401 610 1466 exercitibus
621 1400 863 1482 claudebantur,
877 1402 1122 1466 Narbonensem

105 1488 247 1552 Galliam
259 1485 396 1574 aggredi
418 1487 548 1569 statuit;
571 1489 673 1552 classe
693 1487 801 1555 valida
823 1498 855 1551 et
877 1487 1020 1571 partibus
1042 1484 1122 1564 fida,

105 1572 193 1656 qaod
208 1573 349 1656 reliquos
363 1591 522 1637 caesorum
545 1572 585 1636 ad
604 1582 734 1654 pontem
758 1572 918 1652 Milvium,
942 1580 974 1633 et
996 1570 1125 1636 saevitiri

106 1660 217 1725 Galba
231 1658 266 1722 in
284 1656 463 1722 custodiam
476 1657 610 1737 habitos,
625 1656 659 1720 iu
675 1676 826 1722 numeros
841 1656 976 1744 legionis
990 1673 1123 1736 compo·
1181 1716 1182 1737 ,

102 1754 229 1826 suerat3
252 1743 335 1808 sacti
348 1756 380 1806 et
394 1743 505 1811 ceteris
520 1763 575 1826 spe
589 1743 800 1807 honoratioris
814 1744 848 1808 in
862 1752 1024 1827 posterum
1035 1740 1123 1805 mili·
1181 1762 1182 1827 q

105 1830 168 1895 tim.
212 1829 344 1897 Addidit
359 1828 452 1892 classi
468 1831 606 1893 urbanas
621 1830 766 1893 cohortes
781 1839 813 1892 et
824 1830 992 1912 plerosque
1003 1846 1020 1889 e
1032 1825 1123 1890 Prae·

104 1917 245 1997 torianis,
257 1916 342 1981 vires
355 1924 388 1978 et
401 1914 499 1979 robur
513 1914 678 1993 exercitlls,
690 1924 785 1996 atque
797 1914 874 1997 ipsis
886 1913 1033 1977 Ducibus
1044 1930 1123 1976 con·
1181 1934 1183 1981 ξ

105 2002 216 2068 silium
228 2013 260 2065 et
274 1998 431 2064 custodes.
475 1998 612 2066 Summa
624 2000 835 2085 expeditionis
846 1997 989 2065 Antonio
1000 1996 1123 2061 Novel-

107 2090 148 2168 lo,
163 2086 284 2153 Suedio
299 2088 466 2167 Clementi,
481 2087 740 2168 primipilaribus,
756 2085 889 2151 AEmilio
904 2083 1050 2163 Pacensi,
1065 2081 1124 2146 cni
1181 2105 1182 2154 l

108 2172 271 2238 ademmm
299 2191 319 2234 a
346 2172 451 2236 Galba
480 2171 701 2236 Tribunatum
735 2171 920 2249 reddiderat,
955 2168 1122 2254 permissa
1181 2177 1182 2212 ἓ

110 2259 230 2323 Curam
244 2258 377 2322 narium
392 2259 496 2322 Oscus
512 2256 643 2321 libertus
657 2258 821 2340 retinebat,
835 2256 875 2320 ad
888 2252 1125 2320 observandam
1181 2249 1182 2328 Ξ

109 2341 329 2408 honestiorum
342 2341 438 2407 fidem
453 2342 632 2408 comitatus.
675 2341 825 2410 Peditum
837 2341 1046 2423 equitumque
1070 2358 1124 2403 co
1181 2335 1182 2388 ἶ

109 2428 171 2513 piis
186 2427 360 2494 Suetonius
375 2428 541 2507 Paulinus,
563 2427 684 2493 Marius
706 2429 830 2506 Celsus,
844 2427 972 2492 Annius
995 2425 1125 2504 Gallus,
1181 2489 1182 2512 ἦ

108 2525 246 2582 rectores
271 2513 428 2580 destinati.
473 2514 546 2594 ,Sed
569 2513 710 2597 plurima
730 2513 809 2579 fides
831 2511 960 2578 Licinio
980 2512 1124 2575 Proculo
1181 2531 1182 2534 ¹

110 2598 252 2666 Praetorii
267 2597 435 2666 Praefector
458 2599 634 2664 isurbanae
656 2599 779 2664 militiae
800 2598 941 2683 impiger,
962 2597 1125 2660 bellorum

109 2685 261 2763 insolens,
283 2686 502 2750 auctoritatem
520 2685 660 2765 Paulini,
674 2684 819 2771 vigorem
840 2682 937 2763 Celsi,
958 2680 1126 2745 matrrrita·
1181 2753 1182 2762 ἶ

100 2780 174 2837 7ῑθιη
189 2768 285 2851 Galli,
301 2781 337 2834 ut
356 2770 471 2853 cuique
492 2780 568 2849 erat,
590 2770 800 2851 criminando,
820 2769 908 2854 quod
928 2766 1123 2832 facillimum

108 2855 195 2923 factu
209 2865 266 2936 est,
281 2874 399 2938 pravus
414 2866 445 2918 et
459 2857 603 2936 callidus,
618 2858 719 2920 bonos
731 2866 763 2920 et
779 2855 937 2924 modestos
951 2851 1102 2917 anteibat.

81 2957 92 2992 ν’
153 2941 378 3008 LXXXVIII.
399 2942 562 3024 Sepositus
581 2961 637 3026 per
658 2960 713 3006 eos
737 2941 806 3005 dies
831 2939 1003 3006 Cornelius
1024 2938 1125 3000 Dola·

109 3030 195 3096 bella
207 3028 242 3092 in
257 3026 417 3096 calatriam
428 3028 633 3111 Aquinatem,
641 3046 745 3111 neque
757 3026 843 3092 arcti
852 3024 1125 3104 custodianeque

111 3114 266 3179 obscura:
287 3114 418 3180 nullum
437 3116 479 3177 ob
500 3114 631 3195 crimen,
645 3113 700 3177 sed
715 3121 846 3177 vetusto·
861 3109 992 3175 nomine
1006 3117 1039 3172 et
1051 3125 1124 3191 pro-

112 3198 294 3285 pinquitate
312 3200 425 3264 Galba
448 3208 652 3266 monstratus.
696 3199 815 3264 Multos
834 3217 853 3262 e
874 3194 1124 3281 Magistratibus,
1181 3250 1182 3278 ξ

113 3303 265 3370 magnam
278 3284 496 3350 consularium
518 3296 646 3370 partem,
669 3284 764 3364 Otho,
789 3302 853 3349 non
875 3280 1045 3366 participes
1069 3287 1125 3343 aut

112 3370 276 3434 ministros
288 3368 382 3451 bello,
395 3368 450 3433 sed
467 3370 622 3436 comitum
639 3370 753 3455 specie,
774 3388 886 3434 secum
903 3364 1055 3450 expedire
1073 3363 1124 3444 jue
1181 3401 1182 3444 3

113 3456 182 3522 betr
204 3455 238 3518 in
253 3453 324 3537 quis
337 3464 370 3517 at
384 3455 421 3518 L.
434 3454 608 3533 Vitellium,
619 3456 730 3520 eodem
743 3474 808 3538 quo
819 3463 940 3518 ceteros
951 3451 1052 3528 cultu,
1064 3466 1124 3512 nec

113 3549 151 3603 nt
164 3538 364 3621 Imperatoris
384 3536 521 3620 fratrem,
536 3559 596 3604 nec
609 3543 654 3603 ut'
667 3539 777 3605 hostis.
819 3540 922 3624 igitur
935 3546 1023 3601 mota
1034 3532 1124 3614 urbis
1181 3571 1182 3578 .

115 3641 211 3687 cura:
232 3622 343 3686 nullus
364 3621 441 3685 ordo
464 3635 548 3689 metu
571 3636 628 3690 aut
649 3625 792 3708 periculo
805 3642 948 3691 vacuus:
968 3619 1123 3705 primores

114 3704 250 3772 sanatae
268 3714 361 3770 atate
375 3705 511 3774 invalidi
531 3719 563 3776 at
584 3709 682 3797 longi
702 3729 780 3794 pace
804 3708 947 3774 desides:
969 3705 1079 3793 segnis
1092 3711 1125 3769 et
1181 3701 1182 3790 J
