<?xml version="1.0" encoding="UTF-8"?>
<!DOCTYPE html PUBLIC "-//W3C//DTD XHTML 1.0 Transitional//EN"
    "http://www.w3.org/TR/xhtml1/DTD/xhtml1-transitional.dtd">
<html xmlns="http://www.w3.org/1999/xhtml" xml:lang="en" lang="en">
 <head>
  <title>
</title>
<meta http-equiv="Content-Type" content="text/html;charset=utf-8" />
  <meta name='ocr-system' content='tesseract 3.04.00' />
  <meta name='ocr-capabilities' content='ocr_page ocr_carea ocr_par ocr_line ocrx_word'/>
</head>
<body>
  <div class='ocr_page' id='page_1' title='image "./ccorneliitaciti37tacigoog_0130.png"; bbox 0 0 2392 4050; ppageno 0'>
   <div class='ocr_carea' id='block_1_1' title="bbox 63 207 1064 299">
    <p class='ocr_par' dir='ltr' id='par_1_1' title="bbox 63 207 1064 299">
     <span class='ocr_line' id='line_1_1' title="bbox 63 207 1064 299; baseline 0.001 -23"><span class='ocrx_word' id='word_1_1' title='bbox 63 208 219 299; x_wconf 63' lang='lat' dir='ltr'><strong>senil</strong></span> <span class='ocrx_word' id='word_1_2' title='bbox 329 210 482 275; x_wconf 82' lang='lat' dir='ltr'><strong>Hrsroa.</strong></span> <span class='ocrx_word' id='word_1_3' title='bbox 497 207 577 274; x_wconf 81' lang='lat' dir='ltr'><strong>Lm.</strong></span> <span class='ocrx_word' id='word_1_4' title='bbox 591 208 792 275; x_wconf 77' lang='lat' dir='ltr'><strong>Secessus.</strong></span> <span class='ocrx_word' id='word_1_5' title='bbox 1021 209 1064 278; x_wconf 85' lang='lat' dir='ltr'><strong>ol</strong></span> 
     </span>
    </p>
   </div>
   <div class='ocr_carea' id='block_1_2' title="bbox 14 380 1184 3714">
    <p class='ocr_par' dir='ltr' id='par_1_2' title="bbox 56 380 1183 1236">
     <span class='ocr_line' id='line_1_2' title="bbox 61 380 1068 469; baseline 0.002 -23"><span class='ocrx_word' id='word_1_6' title='bbox 61 382 160 447; x_wconf 88' lang='lat' dir='ltr'><strong>tineri:</strong></span> <span class='ocrx_word' id='word_1_7' title='bbox 181 382 355 469; x_wconf 70' lang='lat' dir='ltr'>Hispanias</span> <span class='ocrx_word' id='word_1_8' title='bbox 370 382 467 447; x_wconf 90' lang='lat' dir='ltr'><strong>armis</strong></span> <span class='ocrx_word' id='word_1_9' title='bbox 482 401 549 447; x_wconf 88' lang='lat' dir='ltr'><strong>non</strong></span> <span class='ocrx_word' id='word_1_10' title='bbox 570 382 616 446; x_wconf 89' lang='lat' dir='ltr'><strong>ita</strong></span> <span class='ocrx_word' id='word_1_11' title='bbox 637 381 838 448; x_wconf 87' lang='lat' dir='ltr'><strong>redundare:</strong></span> <span class='ocrx_word' id='word_1_12' title='bbox 862 380 1068 466; x_wconf 68' lang='lat' dir='ltr'><strong>promociam</strong></span> 
     </span>
     <span class='ocr_line' id='line_1_3' title="bbox 61 467 1068 552; baseline 0.004 -20"><span class='ocrx_word' id='word_1_13' title='bbox 61 468 290 536; x_wconf 83' lang='lat' dir='ltr'><strong>Narbonensem</strong></span> <span class='ocrx_word' id='word_1_14' title='bbox 312 469 445 534; x_wconf 89' lang='lat' dir='ltr'><strong>incursu</strong></span> <span class='ocrx_word' id='word_1_15' title='bbox 469 470 581 532; x_wconf 89' lang='lat' dir='ltr'><strong>classis</strong></span> <span class='ocrx_word' id='word_1_16' title='bbox 607 476 639 531; x_wconf 91' lang='lat' dir='ltr'><strong>et</strong></span> <span class='ocrx_word' id='word_1_17' title='bbox 663 467 799 536; x_wconf 82' lang='lat' dir='ltr'><strong>adverso</strong></span> <span class='ocrx_word' id='word_1_18' title='bbox 819 468 930 552; x_wconf 78' lang='lat' dir='ltr'><strong>praelio</strong></span> <span class='ocrx_word' id='word_1_19' title='bbox 945 480 1068 538; x_wconf 84' lang='lat' dir='ltr'><strong>contro-</strong></span> 
     </span>
     <span class='ocr_line' id='line_1_4' title="bbox 60 553 1068 638; baseline 0.004 -21"><span class='ocrx_word' id='word_1_20' title='bbox 60 556 185 619; x_wconf 86' lang='lat' dir='ltr'><strong>muisse:</strong></span> <span class='ocrx_word' id='word_1_21' title='bbox 208 558 355 620; x_wconf 88' lang='lat' dir='ltr'><strong>clansam</strong></span> <span class='ocrx_word' id='word_1_22' title='bbox 369 555 514 638; x_wconf 83' lang='lat' dir='ltr'><strong>Alpibus,</strong></span> <span class='ocrx_word' id='word_1_23' title='bbox 528 564 561 616; x_wconf 91' lang='lat' dir='ltr'><strong>et</strong></span> <span class='ocrx_word' id='word_1_24' title='bbox 571 555 664 617; x_wconf 91' lang='lat' dir='ltr'><strong>nullo</strong></span> <span class='ocrx_word' id='word_1_25' title='bbox 674 554 772 617; x_wconf 86' lang='lat' dir='ltr'><strong>mario</strong></span> <span class='ocrx_word' id='word_1_26' title='bbox 782 553 934 634; x_wconf 90' lang='lat' dir='ltr'><strong>subsidio,</strong></span> <span class='ocrx_word' id='word_1_27' title='bbox 945 555 1068 622; x_wconf 84' lang='lat' dir='ltr'><strong>Trans·</strong></span> 
     </span>
     <span class='ocr_line' id='line_1_5' title="bbox 60 639 1066 740; baseline 0.004 -36"><span class='ocrx_word' id='word_1_28' title='bbox 60 641 207 722; x_wconf 83' lang='lat' dir='ltr'><strong>padanam</strong></span> <span class='ocrx_word' id='word_1_29' title='bbox 221 642 359 720; x_wconf 85' lang='lat' dir='ltr'><strong>Italiam,</strong></span> <span class='ocrx_word' id='word_1_30' title='bbox 383 651 477 723; x_wconf 86' lang='lat' dir='ltr'><strong>atque</strong></span> <span class='ocrx_word' id='word_1_31' title='bbox 499 640 730 740; x_wconf 56' lang='lat' dir='ltr'><strong>ipsofflsitu</strong></span> <span class='ocrx_word' id='word_1_32' title='bbox 745 639 904 705; x_wconf 79' lang='lat' dir='ltr'><strong>exercitiis</strong></span> <span class='ocrx_word' id='word_1_33' title='bbox 918 653 1066 708; x_wconf 82' lang='lat' dir='ltr'><strong>vastam:</strong></span> 
     </span>
     <span class='ocr_line' id='line_1_6' title="bbox 59 723 1068 809; baseline 0.006 -21"><span class='ocrx_word' id='word_1_34' title='bbox 59 744 117 794; x_wconf 88' lang='lat' dir='ltr'><strong>non</strong></span> <span class='ocrx_word' id='word_1_35' title='bbox 129 726 327 792; x_wconf 82' lang='lat' dir='ltr'><strong>frumentum</strong></span> <span class='ocrx_word' id='word_1_36' title='bbox 340 745 480 809; x_wconf 84' lang='lat' dir='ltr'><strong>nsquam</strong></span> <span class='ocrx_word' id='word_1_37' title='bbox 493 723 659 804; x_wconf 79' lang='lat' dir='ltr'><strong>exercitui,</strong></span> <span class='ocrx_word' id='word_1_38' title='bbox 667 744 729 789; x_wconf 90' lang='lat' dir='ltr'><strong>neo</strong></span> <span class='ocrx_word' id='word_1_39' title='bbox 742 726 921 791; x_wconf 86' lang='lat' dir='ltr'><strong>exercitum</strong></span> <span class='ocrx_word' id='word_1_40' title='bbox 930 726 1001 792; x_wconf 88' lang='lat' dir='ltr'><strong>sina</strong></span> <span class='ocrx_word' id='word_1_41' title='bbox 1015 747 1068 794; x_wconf 89' lang='lat' dir='ltr'><strong>co·</strong></span> 
     </span>
     <span class='ocr_line' id='line_1_7' title="bbox 58 809 1067 897; baseline 0.006 -24"><span class='ocrx_word' id='word_1_42' title='bbox 58 811 111 892; x_wconf 92' lang='lat' dir='ltr'><strong>piis</strong></span> <span class='ocrx_word' id='word_1_43' title='bbox 123 812 250 876; x_wconf 86' lang='lat' dir='ltr'><strong>retineri</strong></span> <span class='ocrx_word' id='word_1_44' title='bbox 264 817 356 897; x_wconf 89' lang='lat' dir='ltr'><strong>posse</strong></span> <span class='ocrx_word' id='word_1_45' title='bbox 409 812 483 876; x_wconf 89' lang='lat' dir='ltr'><strong>Jam</strong></span> <span class='ocrx_word' id='word_1_46' title='bbox 497 811 687 893; x_wconf 87' lang='lat' dir='ltr'><strong>Germanos,</strong></span> <span class='ocrx_word' id='word_1_47' title='bbox 700 809 790 893; x_wconf 91' lang='lat' dir='ltr'><strong>quod</strong></span> <span class='ocrx_word' id='word_1_48' title='bbox 803 832 907 897; x_wconf 87' lang='lat' dir='ltr'><strong>genus</strong></span> <span class='ocrx_word' id='word_1_49' title='bbox 924 814 1067 879; x_wconf 89' lang='lat' dir='ltr'><strong>rnilitum</strong></span> 
     </span>
     <span class='ocr_line' id='line_1_8' title="bbox 58 895 1064 980; baseline 0.007 -23"><span class='ocrx_word' id='word_1_50' title='bbox 58 897 135 978; x_wconf 89' lang='lat' dir='ltr'><strong>apud</strong></span> <span class='ocrx_word' id='word_1_51' title='bbox 158 896 266 962; x_wconf 91' lang='lat' dir='ltr'><strong>hostes</strong></span> <span class='ocrx_word' id='word_1_52' title='bbox 291 895 387 962; x_wconf 84' lang='lat' dir='ltr'><strong>atroc&#39;</strong></span> <span class='ocrx_word' id='word_1_53' title='bbox 423 897 527 961; x_wconf 91' lang='lat' dir='ltr'><strong>imum</strong></span> <span class='ocrx_word' id='word_1_54' title='bbox 547 896 598 976; x_wconf 90' lang='lat' dir='ltr'><strong>sit,</strong></span> <span class='ocrx_word' id='word_1_55' title='bbox 626 906 726 961; x_wconf 81' lang='lat' dir='ltr'><strong>trooto</strong></span> <span class='ocrx_word' id='word_1_56' title='bbox 748 895 784 960; x_wconf 91' lang='lat' dir='ltr'><strong>in</strong></span> <span class='ocrx_word' id='word_1_57' title='bbox 806 906 950 964; x_wconf 69' lang='lat' dir='ltr'><strong>aeumtm</strong></span> <span class='ocrx_word' id='word_1_58' title='bbox 970 899 1064 980; x_wconf 85' lang='lat' dir='ltr'><strong>bello,</strong></span> 
     </span>
     <span class='ocr_line' id='line_1_9' title="bbox 58 980 1067 1067; baseline 0.005 -23"><span class='ocrx_word' id='word_1_59' title='bbox 58 980 145 1047; x_wconf 83' lang='lat' dir='ltr'><strong>fluxis</strong></span> <span class='ocrx_word' id='word_1_60' title='bbox 159 984 356 1067; x_wconf 80' lang='lat' dir='ltr'><strong>corporibus,</strong></span> <span class='ocrx_word' id='word_1_61' title='bbox 377 981 589 1046; x_wconf 79' lang='lat' dir='ltr'><strong>mutationem</strong></span> <span class='ocrx_word' id='word_1_62' title='bbox 613 980 674 1044; x_wconf 92' lang='lat' dir='ltr'><strong>soli</strong></span> <span class='ocrx_word' id='word_1_63' title='bbox 696 982 833 1063; x_wconf 82' lang='lat' dir='ltr'><strong>coelique</strong></span> <span class='ocrx_word' id='word_1_64' title='bbox 848 983 938 1048; x_wconf 90' lang='lat' dir='ltr'><strong>haud</strong></span> <span class='ocrx_word' id='word_1_65' title='bbox 952 986 1067 1049; x_wconf 83' lang='lat' dir='ltr'><strong>tolera·</strong></span> 
     </span>
     <span class='ocr_line' id='line_1_10' title="bbox 57 1065 1066 1150; baseline 0.006 -20"><span class='ocrx_word' id='word_1_66' title='bbox 57 1078 145 1132; x_wconf 90' lang='lat' dir='ltr'><strong>turos.</strong></span> <span class='ocrx_word' id='word_1_67' title='bbox 189 1070 296 1133; x_wconf 89' lang='lat' dir='ltr'><strong>Multa</strong></span> <span class='ocrx_word' id='word_1_68' title='bbox 315 1069 408 1148; x_wconf 88' lang='lat' dir='ltr'><strong>bella,</strong></span> <span class='ocrx_word' id='word_1_69' title='bbox 431 1069 551 1150; x_wconf 88' lang='lat' dir='ltr'><strong>impetu</strong></span> <span class='ocrx_word' id='word_1_70' title='bbox 579 1065 697 1147; x_wconf 84' lang='lat' dir='ltr'><strong>valida,</strong></span> <span class='ocrx_word' id='word_1_71' title='bbox 721 1086 777 1150; x_wconf 89' lang='lat' dir='ltr'><strong>per</strong></span> <span class='ocrx_word' id='word_1_72' title='bbox 800 1069 893 1136; x_wconf 73' lang='lat' dir='ltr'><strong>tedia</strong></span> <span class='ocrx_word' id='word_1_73' title='bbox 914 1078 947 1132; x_wconf 85' lang='lat' dir='ltr'><strong>ct</strong></span> <span class='ocrx_word' id='word_1_74' title='bbox 960 1089 1066 1136; x_wconf 83' lang='lat' dir='ltr'><strong>moras</strong></span> 
     </span>
     <span class='ocr_line' id='line_1_11' title="bbox 56 1151 1183 1236; baseline -0.002 -20"><span class='ocrx_word' id='word_1_75' title='bbox 56 1155 226 1219; x_wconf 75' lang='lat' dir='ltr'><strong>evanuisse.</strong></span> <span class='ocrx_word' id='word_1_76' title='bbox 272 1155 392 1218; x_wconf 78' lang='lat' dir='ltr'><strong>Oontri</strong></span> <span class='ocrx_word' id='word_1_77' title='bbox 406 1154 484 1236; x_wconf 90' lang='lat' dir='ltr'><strong>ipsis</strong></span> <span class='ocrx_word' id='word_1_78' title='bbox 498 1151 609 1216; x_wconf 90' lang='lat' dir='ltr'><strong>omnia</strong></span> <span class='ocrx_word' id='word_1_79' title='bbox 623 1154 777 1235; x_wconf 85' lang='lat' dir='ltr'><strong>opulenta</strong></span> <span class='ocrx_word' id='word_1_80' title='bbox 787 1164 819 1216; x_wconf 91' lang='lat' dir='ltr'><strong>et</strong></span> <span class='ocrx_word' id='word_1_81' title='bbox 833 1154 916 1220; x_wconf 78' lang='lat' dir='ltr'><strong>uda:</strong></span> <span class='ocrx_word' id='word_1_82' title='bbox 939 1156 1067 1221; x_wconf 88' lang='lat' dir='ltr'><strong>Panno·</strong></span> <span class='ocrx_word' id='word_1_83' title='bbox 1182 1203 1183 1214; x_wconf 70' lang='grc'>,</span> 
     </span>
    </p>

    <p class='ocr_par' dir='ltr' id='par_1_3' title="bbox 14 1237 1068 2245">
     <span class='ocr_line' id='line_1_12' title="bbox 14 1237 1068 1327; baseline 0.006 -25"><span class='ocrx_word' id='word_1_84' title='bbox 14 1270 15 1273; x_wconf 79' lang='lat'>¹</span> <span class='ocrx_word' id='word_1_85' title='bbox 57 1238 144 1320; x_wconf 84' lang='lat' dir='ltr'><strong>niam,</strong></span> <span class='ocrx_word' id='word_1_86' title='bbox 160 1238 317 1319; x_wconf 81' lang='lat' dir='ltr'><strong>Mmsiam,</strong></span> <span class='ocrx_word' id='word_1_87' title='bbox 332 1239 536 1317; x_wconf 77' lang='lat' dir='ltr'><strong>Dalmatiam,</strong></span> <span class='ocrx_word' id='word_1_88' title='bbox 553 1237 729 1320; x_wconf 84' lang='lat' dir='ltr'><strong>Orientem,</strong></span> <span class='ocrx_word' id='word_1_89' title='bbox 742 1258 820 1304; x_wconf 91' lang='lat' dir='ltr'><strong>cum</strong></span> <span class='ocrx_word' id='word_1_90' title='bbox 833 1241 965 1327; x_wconf 79' lang='lat' dir='ltr'><strong>integris</strong></span> <span class='ocrx_word' id='word_1_91' title='bbox 979 1262 1068 1308; x_wconf 87' lang='lat' dir='ltr'><strong>exer·</strong></span> 
     </span>
     <span class='ocr_line' id='line_1_13' title="bbox 57 1324 1067 1411; baseline 0.007 -25"><span class='ocrx_word' id='word_1_92' title='bbox 57 1324 182 1408; x_wconf 88' lang='lat' dir='ltr'><strong>citibus;</strong></span> <span class='ocrx_word' id='word_1_93' title='bbox 207 1325 333 1390; x_wconf 77' lang='lat' dir='ltr'><strong>ltaliam</strong></span> <span class='ocrx_word' id='word_1_94' title='bbox 347 1337 378 1390; x_wconf 91' lang='lat' dir='ltr'><strong>et</strong></span> <span class='ocrx_word' id='word_1_95' title='bbox 393 1334 489 1407; x_wconf 90' lang='lat' dir='ltr'><strong>caput</strong></span> <span class='ocrx_word' id='word_1_96' title='bbox 502 1342 611 1387; x_wconf 90' lang='lat' dir='ltr'><strong>rerum</strong></span> <span class='ocrx_word' id='word_1_97' title='bbox 635 1324 768 1392; x_wconf 82' lang='lat' dir='ltr'><strong>urbem:</strong></span> <span class='ocrx_word' id='word_1_98' title='bbox 792 1325 1012 1411; x_wconf 76' lang='lat' dir='ltr'><strong>senatumque</strong></span> <span class='ocrx_word' id='word_1_99' title='bbox 1033 1338 1067 1393; x_wconf 87' lang='lat' dir='ltr'><strong>ct</strong></span> 
     </span>
     <span class='ocr_line' id='line_1_14' title="bbox 58 1408 1067 1495; baseline 0.004 -22"><span class='ocrx_word' id='word_1_100' title='bbox 58 1409 218 1493; x_wconf 88' lang='lat' dir='ltr'><strong>Populum,</strong></span> <span class='ocrx_word' id='word_1_101' title='bbox 228 1430 396 1493; x_wconf 88' lang='lat' dir='ltr'><strong>nunquam</strong></span> <span class='ocrx_word' id='word_1_102' title='bbox 405 1411 542 1473; x_wconf 88' lang='lat' dir='ltr'><strong>obscura</strong></span> <span class='ocrx_word' id='word_1_103' title='bbox 551 1408 693 1490; x_wconf 81' lang='lat' dir='ltr'><strong>nomina,</strong></span> <span class='ocrx_word' id='word_1_104' title='bbox 702 1411 761 1474; x_wconf 89' lang='lat' dir='ltr'><strong>etsi</strong></span> <span class='ocrx_word' id='word_1_105' title='bbox 770 1410 945 1495; x_wconf 83' lang='lat' dir='ltr'><strong>aliquando</strong></span> <span class='ocrx_word' id='word_1_106' title='bbox 955 1414 1067 1479; x_wconf 91' lang='lat' dir='ltr'><strong>obum-</strong></span> 
     </span>
     <span class='ocr_line' id='line_1_15' title="bbox 58 1495 1066 1583; baseline 0.007 -26"><span class='ocrx_word' id='word_1_107' title='bbox 58 1495 196 1578; x_wconf 86' lang='lat' dir='ltr'><strong>breutur;</strong></span> <span class='ocrx_word' id='word_1_108' title='bbox 218 1495 364 1581; x_wconf 90' lang='lat' dir='ltr'><strong>publicas</strong></span> <span class='ocrx_word' id='word_1_109' title='bbox 378 1496 582 1580; x_wconf 86' lang='lat' dir='ltr'><strong>privatasque</strong></span> <span class='ocrx_word' id='word_1_110' title='bbox 593 1514 669 1577; x_wconf 89' lang='lat' dir='ltr'><strong>opos</strong></span> <span class='ocrx_word' id='word_1_111' title='bbox 683 1505 714 1559; x_wconf 86' lang='lat' dir='ltr'><strong>et</strong></span> <span class='ocrx_word' id='word_1_112' title='bbox 728 1496 921 1564; x_wconf 85' lang='lat' dir='ltr'><strong>immensam</strong></span> <span class='ocrx_word' id='word_1_113' title='bbox 933 1499 1066 1583; x_wconf 90' lang='lat' dir='ltr'><strong>pecuni-</strong></span> 
     </span>
     <span class='ocr_line' id='line_1_16' title="bbox 57 1578 1067 1667; baseline 0.007 -25"><span class='ocrx_word' id='word_1_114' title='bbox 57 1600 112 1659; x_wconf 86' lang='lat' dir='ltr'><strong>am,</strong></span> <span class='ocrx_word' id='word_1_115' title='bbox 140 1581 222 1646; x_wconf 89' lang='lat' dir='ltr'><strong>inter</strong></span> <span class='ocrx_word' id='word_1_116' title='bbox 245 1581 357 1647; x_wconf 86' lang='lat' dir='ltr'><strong>civiles</strong></span> <span class='ocrx_word' id='word_1_117' title='bbox 380 1579 552 1645; x_wconf 85' lang='lat' dir='ltr'><strong>discordias</strong></span> <span class='ocrx_word' id='word_1_118' title='bbox 580 1578 664 1644; x_wconf 86' lang='lat' dir='ltr'><strong>ferro</strong></span> <span class='ocrx_word' id='word_1_119' title='bbox 688 1582 899 1666; x_wconf 67' lang='lat' dir='ltr'><strong>validiorem</strong></span> <span class='ocrx_word' id='word_1_120' title='bbox 932 1604 1067 1667; x_wconf 85' lang='lat' dir='ltr'><strong>corpora</strong></span> 
     </span>
     <span class='ocr_line' id='line_1_17' title="bbox 57 1665 1065 1749; baseline 0.007 -20"><span class='ocrx_word' id='word_1_121' title='bbox 57 1666 258 1731; x_wconf 90' lang='lat' dir='ltr'><strong>militumaut</strong></span> <span class='ocrx_word' id='word_1_122' title='bbox 280 1666 379 1733; x_wconf 84' lang='lat' dir='ltr'><strong>Italiae</strong></span> <span class='ocrx_word' id='word_1_123' title='bbox 402 1680 502 1744; x_wconf 88' lang='lat' dir='ltr'><strong>sueta,</strong></span> <span class='ocrx_word' id='word_1_124' title='bbox 526 1675 583 1727; x_wconf 90' lang='lat' dir='ltr'><strong>aut</strong></span> <span class='ocrx_word' id='word_1_125' title='bbox 607 1665 755 1731; x_wconf 74' lang='lat' dir='ltr'><strong>estibus:</strong></span> <span class='ocrx_word' id='word_1_126' title='bbox 777 1667 921 1749; x_wconf 85' lang='lat' dir='ltr'><strong>objacere</strong></span> <span class='ocrx_word' id='word_1_127' title='bbox 942 1669 1065 1736; x_wconf 87' lang='lat' dir='ltr'><strong>flumen</strong></span> 
     </span>
     <span class='ocr_line' id='line_1_18' title="bbox 56 1751 1065 1834; baseline 0.009 -21"><span class='ocrx_word' id='word_1_128' title='bbox 56 1751 184 1833; x_wconf 88' lang='lat' dir='ltr'><strong>Padum,</strong></span> <span class='ocrx_word' id='word_1_129' title='bbox 194 1763 280 1817; x_wconf 87' lang='lat' dir='ltr'><strong>tutas</strong></span> <span class='ocrx_word' id='word_1_130' title='bbox 288 1753 367 1815; x_wconf 89' lang='lat' dir='ltr'><strong>viris</strong></span> <span class='ocrx_word' id='word_1_131' title='bbox 377 1751 542 1833; x_wconf 87' lang='lat' dir='ltr'><strong>murisque</strong></span> <span class='ocrx_word' id='word_1_132' title='bbox 550 1751 664 1834; x_wconf 83' lang='lat' dir='ltr'><strong>urbes3</strong></span> <span class='ocrx_word' id='word_1_133' title='bbox 687 1752 834 1834; x_wconf 89' lang='lat' dir='ltr'><strong>equibus</strong></span> <span class='ocrx_word' id='word_1_134' title='bbox 846 1755 972 1819; x_wconf 89' lang='lat' dir='ltr'><strong>nullam</strong></span> <span class='ocrx_word' id='word_1_135' title='bbox 981 1757 1065 1822; x_wconf 88' lang='lat' dir='ltr'><strong>hosti</strong></span> 
     </span>
     <span class='ocr_line' id='line_1_19' title="bbox 57 1835 1065 1920; baseline 0.006 -20"><span class='ocrx_word' id='word_1_136' title='bbox 57 1854 220 1918; x_wconf 86' lang='lat' dir='ltr'><strong>cessuram,</strong></span> <span class='ocrx_word' id='word_1_137' title='bbox 255 1837 430 1902; x_wconf 78' lang='lat' dir='ltr'><strong>Placentiae</strong></span> <span class='ocrx_word' id='word_1_138' title='bbox 458 1835 645 1901; x_wconf 85' lang='lat' dir='ltr'><strong>defensione</strong></span> <span class='ocrx_word' id='word_1_139' title='bbox 672 1839 882 1920; x_wconf 83' lang='lat' dir='ltr'><strong>exploratum</strong></span> <span class='ocrx_word' id='word_1_140' title='bbox 926 1839 1065 1906; x_wconf 86' lang='lat' dir='ltr'><strong>Proinde</strong></span> 
     </span>
     <span class='ocr_line' id='line_1_20' title="bbox 57 1920 1066 2010; baseline 0.007 -26"><span class='ocrx_word' id='word_1_141' title='bbox 57 1920 178 1988; x_wconf 83' lang='lat' dir='ltr'><strong>duceret</strong></span> <span class='ocrx_word' id='word_1_142' title='bbox 205 1921 345 1988; x_wconf 88' lang='lat' dir='ltr'><strong>bellum:</strong></span> <span class='ocrx_word' id='word_1_143' title='bbox 367 1924 478 2006; x_wconf 88' lang='lat' dir='ltr'><strong>paucis</strong></span> <span class='ocrx_word' id='word_1_144' title='bbox 502 1920 616 1985; x_wconf 88' lang='lat' dir='ltr'><strong>diebus</strong></span> <span class='ocrx_word' id='word_1_145' title='bbox 639 1924 944 2005; x_wconf 87' lang='lat' dir='ltr'><strong>quartamdecimam</strong></span> <span class='ocrx_word' id='word_1_146' title='bbox 968 1927 1066 2010; x_wconf 64' lang='lat' dir='ltr'><strong>legio</strong></span> 
     </span>
     <span class='ocr_line' id='line_1_21' title="bbox 58 2006 1064 2096; baseline 0.007 -25"><span class='ocrx_word' id='word_1_147' title='bbox 58 2024 136 2089; x_wconf 82' lang='lat' dir='ltr'><strong>nem,</strong></span> <span class='ocrx_word' id='word_1_148' title='bbox 155 2010 273 2096; x_wconf 80' lang='lat' dir='ltr'><strong>magni</strong></span> <span class='ocrx_word' id='word_1_149' title='bbox 295 2008 397 2093; x_wconf 82' lang='lat' dir='ltr'><strong>ipsam</strong></span> <span class='ocrx_word' id='word_1_150' title='bbox 421 2006 516 2086; x_wconf 74' lang='lat' dir='ltr'><strong>sami,</strong></span> <span class='ocrx_word' id='word_1_151' title='bbox 538 2026 615 2072; x_wconf 91' lang='lat' dir='ltr'><strong>cum</strong></span> <span class='ocrx_word' id='word_1_152' title='bbox 638 2008 801 2073; x_wconf 86' lang='lat' dir='ltr'><strong>Moesiacis</strong></span> <span class='ocrx_word' id='word_1_153' title='bbox 823 2009 924 2094; x_wconf 88' lang='lat' dir='ltr'><strong>copiis</strong></span> <span class='ocrx_word' id='word_1_154' title='bbox 946 2012 1064 2078; x_wconf 85' lang='lat' dir='ltr'><strong>affore:</strong></span> 
     </span>
     <span class='ocr_line' id='line_1_22' title="bbox 58 2093 1065 2180; baseline 0.007 -23"><span class='ocrx_word' id='word_1_155' title='bbox 58 2103 120 2160; x_wconf 89' lang='lat' dir='ltr'><strong>tum</strong></span> <span class='ocrx_word' id='word_1_156' title='bbox 133 2114 244 2159; x_wconf 90' lang='lat' dir='ltr'><strong>rursus</strong></span> <span class='ocrx_word' id='word_1_157' title='bbox 253 2095 512 2173; x_wconf 86' lang='lat' dir='ltr'><strong>deliberaturum,</strong></span> <span class='ocrx_word' id='word_1_158' title='bbox 521 2103 562 2174; x_wconf 90' lang='lat' dir='ltr'><strong>et,</strong></span> <span class='ocrx_word' id='word_1_159' title='bbox 571 2093 598 2155; x_wconf 90' lang='lat' dir='ltr'><strong>si</strong></span> <span class='ocrx_word' id='word_1_160' title='bbox 610 2094 760 2177; x_wconf 85' lang='lat' dir='ltr'><strong>praelium</strong></span> <span class='ocrx_word' id='word_1_161' title='bbox 768 2096 950 2180; x_wconf 76' lang='lat' dir='ltr'><strong>placuisset,</strong></span> <span class='ocrx_word' id='word_1_162' title='bbox 961 2098 1065 2165; x_wconf 75' lang='lat' dir='ltr'><strong>aucus</strong></span> 
     </span>
     <span class='ocr_line' id='line_1_23' title="bbox 59 2180 380 2245; baseline 0.006 -3"><span class='ocrx_word' id='word_1_163' title='bbox 59 2180 172 2245; x_wconf 80' lang='lat' dir='ltr'><strong>viribus</strong></span> <span class='ocrx_word' id='word_1_164' title='bbox 186 2183 380 2245; x_wconf 65' lang='lat' dir='ltr'><strong>certaturos)</strong></span> 
     </span>
    </p>

    <p class='ocr_par' dir='ltr' id='par_1_4' title="bbox 15 2265 1184 3205">
     <span class='ocr_line' id='line_1_24' title="bbox 15 2265 1064 2345; baseline 0.005 -15"><span class='ocrx_word' id='word_1_165' title='bbox 15 2330 22 2345; x_wconf 72' lang='grc'><strong>,</strong></span> <span class='ocrx_word' id='word_1_166' title='bbox 95 2265 252 2333; x_wconf 87' lang='grc' dir='ltr'><strong>ΧΧΧΙΙΙ.</strong></span> <span class='ocrx_word' id='word_1_167' title='bbox 274 2266 455 2330; x_wconf 78' lang='lat' dir='ltr'><strong>Accedebat</strong></span> <span class='ocrx_word' id='word_1_168' title='bbox 468 2265 634 2330; x_wconf 75' lang='lat' dir='ltr'><strong>sententiae</strong></span> <span class='ocrx_word' id='word_1_169' title='bbox 648 2265 780 2330; x_wconf 89' lang='lat' dir='ltr'><strong>Paulini</strong></span> <span class='ocrx_word' id='word_1_170' title='bbox 795 2266 919 2332; x_wconf 88' lang='lat' dir='ltr'><strong>Marius</strong></span> <span class='ocrx_word' id='word_1_171' title='bbox 934 2270 1064 2337; x_wconf 81' lang='lat' dir='ltr'><strong>uersus:</strong></span> 
     </span>
     <span class='ocr_line' id='line_1_25' title="bbox 60 2349 1065 2439; baseline 0.008 -26"><span class='ocrx_word' id='word_1_172' title='bbox 60 2349 157 2415; x_wconf 83' lang='lat' dir='ltr'><strong>‘idem</strong></span> <span class='ocrx_word' id='word_1_173' title='bbox 171 2353 297 2435; x_wconf 88' lang='lat' dir='ltr'><strong>placere</strong></span> <span class='ocrx_word' id='word_1_174' title='bbox 312 2350 421 2415; x_wconf 77' lang='lat' dir='ltr'><strong>Annio</strong></span> <span class='ocrx_word' id='word_1_175' title='bbox 437 2352 552 2433; x_wconf 88' lang='lat' dir='ltr'><strong>Gallo,&#39;</strong></span> <span class='ocrx_word' id='word_1_176' title='bbox 577 2371 698 2435; x_wconf 90' lang='lat' dir='ltr'><strong>paucos</strong></span> <span class='ocrx_word' id='word_1_177' title='bbox 712 2362 788 2416; x_wconf 88' lang='lat' dir='ltr'><strong>ante</strong></span> <span class='ocrx_word' id='word_1_178' title='bbox 800 2353 868 2418; x_wconf 85' lang='lat' dir='ltr'><strong>dias</strong></span> <span class='ocrx_word' id='word_1_179' title='bbox 882 2355 974 2438; x_wconf 87' lang='lat' dir='ltr'><strong>lapsu</strong></span> <span class='ocrx_word' id='word_1_180' title='bbox 988 2357 1065 2439; x_wconf 87' lang='lat' dir='ltr'><strong>equi</strong></span> 
     </span>
     <span class='ocr_line' id='line_1_26' title="bbox 59 2435 1066 2525; baseline 0.006 -24"><span class='ocrx_word' id='word_1_181' title='bbox 59 2435 293 2525; x_wconf 55' lang='lat' dir='ltr'><strong>efflicmpmissi,</strong></span> <span class='ocrx_word' id='word_1_182' title='bbox 318 2437 375 2519; x_wconf 90' lang='lat' dir='ltr'><strong>qui</strong></span> <span class='ocrx_word' id='word_1_183' title='bbox 402 2437 575 2501; x_wconf 89' lang='lat' dir='ltr'><strong>consilium</strong></span> <span class='ocrx_word' id='word_1_184' title='bbox 595 2436 665 2518; x_wconf 88' lang='lat' dir='ltr'><strong>ejus</strong></span> <span class='ocrx_word' id='word_1_185' title='bbox 687 2436 934 2519; x_wconf 84' lang='lat' dir='ltr'><strong>sciscitarentur,</strong></span> <span class='ocrx_word' id='word_1_186' title='bbox 949 2443 1066 2507; x_wconf 87' lang='lat' dir='ltr'><strong>retule-</strong></span> 
     </span>
     <span class='ocr_line' id='line_1_27' title="bbox 60 2512 1066 2606; baseline 0.01 -24"><span class='ocrx_word' id='word_1_187' title='bbox 60 2512 132 2585; x_wconf 71' lang='lat' dir='ltr'><strong>rant.</strong></span> <span class='ocrx_word' id='word_1_188' title='bbox 174 2522 262 2587; x_wconf 88' lang='lat' dir='ltr'><strong>Otho</strong></span> <span class='ocrx_word' id='word_1_189' title='bbox 288 2540 409 2605; x_wconf 86' lang='lat' dir='ltr'><strong>pronus</strong></span> <span class='ocrx_word' id='word_1_190' title='bbox 432 2521 473 2586; x_wconf 90' lang='lat' dir='ltr'><strong>ad</strong></span> <span class='ocrx_word' id='word_1_191' title='bbox 498 2522 747 2587; x_wconf 86' lang='lat' dir='ltr'><strong>decertandum:</strong></span> <span class='ocrx_word' id='word_1_192' title='bbox 768 2522 864 2588; x_wconf 80' lang='lat' dir='ltr'><strong>frater</strong></span> <span class='ocrx_word' id='word_1_193' title='bbox 877 2525 947 2606; x_wconf 89' lang='lat' dir='ltr'><strong>ejus</strong></span> <span class='ocrx_word' id='word_1_194' title='bbox 962 2527 1066 2592; x_wconf 82' lang='lat' dir='ltr'><strong>Titia·</strong></span> 
     </span>
     <span class='ocr_line' id='line_1_28' title="bbox 60 2606 1065 2696; baseline 0.009 -28"><span class='ocrx_word' id='word_1_195' title='bbox 60 2622 123 2688; x_wconf 91' lang='lat' dir='ltr'><strong>nus,</strong></span> <span class='ocrx_word' id='word_1_196' title='bbox 136 2620 167 2672; x_wconf 88' lang='lat' dir='ltr'><strong>et</strong></span> <span class='ocrx_word' id='word_1_197' title='bbox 182 2606 356 2671; x_wconf 73' lang='lat' dir='ltr'><strong>Proiectus</strong></span> <span class='ocrx_word' id='word_1_198' title='bbox 377 2608 519 2673; x_wconf 85' lang='lat' dir='ltr'><strong>Praetorii</strong></span> <span class='ocrx_word' id='word_1_199' title='bbox 542 2609 707 2689; x_wconf 89' lang='lat' dir='ltr'><strong>Proculus,</strong></span> <span class='ocrx_word' id='word_1_200' title='bbox 722 2608 882 2692; x_wconf 77' lang='lat' dir='ltr'><strong>imperitii</strong></span> <span class='ocrx_word' id='word_1_201' title='bbox 895 2629 1065 2696; x_wconf 88' lang='lat' dir='ltr'><strong>properan-</strong></span> 
     </span>
     <span class='ocr_line' id='line_1_29' title="bbox 60 2693 1064 2773; baseline 0.012 -22"><span class='ocrx_word' id='word_1_202' title='bbox 60 2699 109 2773; x_wconf 79' lang='lat' dir='ltr'><strong>tes,</strong></span> <span class='ocrx_word' id='word_1_203' title='bbox 133 2694 333 2761; x_wconf 82' lang='lat' dir='ltr'><strong>‘Fortunam</strong></span> <span class='ocrx_word' id='word_1_204' title='bbox 344 2701 376 2758; x_wconf 88' lang='lat' dir='ltr'><strong>et</strong></span> <span class='ocrx_word' id='word_1_205' title='bbox 389 2693 477 2756; x_wconf 86' lang='lat' dir='ltr'><strong>Deos</strong></span> <span class='ocrx_word' id='word_1_206' title='bbox 491 2703 523 2758; x_wconf 88' lang='lat' dir='ltr'><strong>et</strong></span> <span class='ocrx_word' id='word_1_207' title='bbox 536 2693 567 2757; x_wconf 93' lang='lat' dir='ltr'>N</span> <span class='ocrx_word' id='word_1_208' title='bbox 570 2712 667 2758; x_wconf 89' lang='lat' dir='ltr'><strong>umen</strong></span> <span class='ocrx_word' id='word_1_209' title='bbox 683 2694 821 2759; x_wconf 90' lang='lat' dir='ltr'><strong>Othonis</strong></span> <span class='ocrx_word' id='word_1_210' title='bbox 836 2696 945 2760; x_wconf 86' lang='lat' dir='ltr'><strong>adesse</strong></span> <span class='ocrx_word' id='word_1_211' title='bbox 956 2699 1064 2763; x_wconf 89' lang='lat' dir='ltr'><strong>consi·</strong></span> 
     </span>
     <span class='ocr_line' id='line_1_30' title="bbox 59 2775 1065 2862; baseline 0.01 -24"><span class='ocrx_word' id='word_1_212' title='bbox 59 2775 111 2857; x_wconf 78' lang='lat' dir='ltr'><strong>liis,</strong></span> <span class='ocrx_word' id='word_1_213' title='bbox 120 2779 409 2860; x_wconf 87' lang='lat' dir='ltr'><strong>afforecouatibus,’</strong></span> <span class='ocrx_word' id='word_1_214' title='bbox 418 2779 628 2844; x_wconf 79' lang='lat' dir='ltr'><strong>testabantur:</strong></span> <span class='ocrx_word' id='word_1_215' title='bbox 643 2797 707 2844; x_wconf 89' lang='lat' dir='ltr'><strong>neu</strong></span> <span class='ocrx_word' id='word_1_216' title='bbox 718 2781 791 2862; x_wconf 90' lang='lat' dir='ltr'><strong>quis</strong></span> <span class='ocrx_word' id='word_1_217' title='bbox 799 2781 928 2847; x_wconf 80' lang='lat' dir='ltr'><strong>obviim</strong></span> <span class='ocrx_word' id='word_1_218' title='bbox 937 2783 983 2848; x_wconf 89' lang='lat' dir='ltr'><strong>ire</strong></span> <span class='ocrx_word' id='word_1_219' title='bbox 993 2804 1065 2848; x_wconf 89' lang='lat' dir='ltr'><strong>seu·</strong></span> 
     </span>
     <span class='ocr_line' id='line_1_31' title="bbox 61 2862 1066 2953; baseline 0.009 -27"><span class='ocrx_word' id='word_1_220' title='bbox 61 2865 154 2930; x_wconf 78' lang='lat' dir='ltr'><strong>ortiae</strong></span> <span class='ocrx_word' id='word_1_221' title='bbox 168 2865 310 2944; x_wconf 86' lang='lat' dir='ltr'><strong>auderet,</strong></span> <span class='ocrx_word' id='word_1_222' title='bbox 331 2864 366 2928; x_wconf 92' lang='lat' dir='ltr'><strong>in</strong></span> <span class='ocrx_word' id='word_1_223' title='bbox 382 2862 600 2928; x_wconf 87' lang='lat' dir='ltr'><strong>adulationem</strong></span> <span class='ocrx_word' id='word_1_224' title='bbox 615 2878 846 2931; x_wconf 83' lang='lat' dir='ltr'><strong>concesserant</strong></span> <span class='ocrx_word' id='word_1_225' title='bbox 888 2868 1066 2953; x_wconf 86' lang='lat' dir='ltr'><strong>Postquam</strong></span> 
     </span>
     <span class='ocr_line' id='line_1_32' title="bbox 61 2949 1184 3036; baseline 0.009 -26"><span class='ocrx_word' id='word_1_226' title='bbox 61 2950 188 3034; x_wconf 82' lang='lat' dir='ltr'><strong>pugnari</strong></span> <span class='ocrx_word' id='word_1_227' title='bbox 204 2949 368 3032; x_wconf 88' lang='lat' dir='ltr'><strong>placitum,</strong></span> <span class='ocrx_word' id='word_1_228' title='bbox 384 2951 551 3014; x_wconf 84' lang='lat' dir='ltr'><strong>‘interesse</strong></span> <span class='ocrx_word' id='word_1_229' title='bbox 565 2968 682 3036; x_wconf 82' lang='lat' dir='ltr'><strong>pugnae</strong></span> <span class='ocrx_word' id='word_1_230' title='bbox 701 2950 938 3036; x_wconf 87' lang='lat' dir='ltr'><strong>Imperatorem,</strong></span> <span class='ocrx_word' id='word_1_231' title='bbox 959 2971 1002 3019; x_wconf 87' lang='lat' dir='ltr'><strong>an</strong></span> <span class='ocrx_word' id='word_1_232' title='bbox 1016 2974 1064 3019; x_wconf 86' lang='lat' dir='ltr'><strong>se-</strong></span> <span class='ocrx_word' id='word_1_233' title='bbox 1183 2992 1184 2995; x_wconf 79' lang='lat'>¹</span> 
     </span>
     <span class='ocr_line' id='line_1_33' title="bbox 62 3032 1064 3121; baseline 0.009 -24"><span class='ocrx_word' id='word_1_234' title='bbox 62 3034 128 3112; x_wconf 85' lang='lat' dir='ltr'><strong>poni</strong></span> <span class='ocrx_word' id='word_1_235' title='bbox 141 3035 258 3099; x_wconf 89' lang='lat' dir='ltr'><strong>melius</strong></span> <span class='ocrx_word' id='word_1_236' title='bbox 269 3032 370 3116; x_wconf 83' lang='lat' dir='ltr'><strong>loret,’</strong></span> <span class='ocrx_word' id='word_1_237' title='bbox 384 3034 581 3099; x_wconf 75' lang='lat' dir='ltr'><strong>dubitavere.</strong></span> <span class='ocrx_word' id='word_1_238' title='bbox 626 3036 764 3121; x_wconf 80' lang='lat' dir='ltr'><strong>Paulino</strong></span> <span class='ocrx_word' id='word_1_239' title='bbox 774 3046 806 3100; x_wconf 91' lang='lat' dir='ltr'><strong>et</strong></span> <span class='ocrx_word' id='word_1_240' title='bbox 816 3039 910 3103; x_wconf 90' lang='lat' dir='ltr'><strong>Oelso</strong></span> <span class='ocrx_word' id='word_1_241' title='bbox 919 3037 987 3120; x_wconf 82' lang='lat' dir='ltr'><strong>jana</strong></span> <span class='ocrx_word' id='word_1_242' title='bbox 996 3059 1064 3106; x_wconf 90' lang='lat' dir='ltr'><strong>nou</strong></span> 
     </span>
     <span class='ocr_line' id='line_1_34' title="bbox 62 3118 1065 3205; baseline 0.013 -24"><span class='ocrx_word' id='word_1_243' title='bbox 62 3118 303 3200; x_wconf 78' lang='lat' dir='ltr'><strong>adversantibus,</strong></span> <span class='ocrx_word' id='word_1_244' title='bbox 322 3140 364 3184; x_wconf 89' lang='lat' dir='ltr'><strong>ne</strong></span> <span class='ocrx_word' id='word_1_245' title='bbox 378 3121 556 3205; x_wconf 90' lang='lat' dir='ltr'><strong>principem</strong></span> <span class='ocrx_word' id='word_1_246' title='bbox 569 3120 726 3202; x_wconf 85' lang='lat' dir='ltr'><strong>objectare</strong></span> <span class='ocrx_word' id='word_1_247' title='bbox 745 3123 896 3205; x_wconf 90' lang='lat' dir='ltr'><strong>periculis</strong></span> <span class='ocrx_word' id='word_1_248' title='bbox 918 3123 1065 3194; x_wconf 80' lang='lat' dir='ltr'><strong>videran-</strong></span> 
     </span>
    </p>

    <p class='ocr_par' dir='ltr' id='par_1_5' title="bbox 15 3205 1065 3294">
     <span class='ocr_line' id='line_1_35' title="bbox 15 3205 1065 3294; baseline 0.015 -29"><span class='ocrx_word' id='word_1_249' title='bbox 15 3245 16 3254; x_wconf 36' lang='lat' dir='ltr'><strong>t</strong></span> <span class='ocrx_word' id='word_1_250' title='bbox 63 3210 115 3283; x_wconf 89' lang='lat' dir='ltr'><strong>tur,</strong></span> <span class='ocrx_word' id='word_1_251' title='bbox 128 3205 225 3270; x_wconf 91' lang='lat' dir='ltr'><strong>iidem</strong></span> <span class='ocrx_word' id='word_1_252' title='bbox 245 3205 295 3269; x_wconf 92' lang='lat' dir='ltr'><strong>illi</strong></span> <span class='ocrx_word' id='word_1_253' title='bbox 320 3206 484 3270; x_wconf 87' lang='lat' dir='ltr'><strong>deterioris</strong></span> <span class='ocrx_word' id='word_1_254' title='bbox 508 3207 635 3270; x_wconf 90' lang='lat' dir='ltr'><strong>consilii</strong></span> <span class='ocrx_word' id='word_1_255' title='bbox 657 3217 802 3272; x_wconf 79' lang='lat' dir='ltr'><strong>auctores</strong></span> <span class='ocrx_word' id='word_1_256' title='bbox 816 3208 993 3294; x_wconf 76' lang='lat' dir='ltr'><strong>perpulbre,</strong></span> <span class='ocrx_word' id='word_1_257' title='bbox 1010 3220 1065 3280; x_wconf 87' lang='lat' dir='ltr'><strong>‘ut</strong></span> 
     </span>
    </p>

    <p class='ocr_par' dir='ltr' id='par_1_6' title="bbox 15 3285 1066 3553">
     <span class='ocr_line' id='line_1_36' title="bbox 15 3285 1066 3379; baseline 0.015 -30"><span class='ocrx_word' id='word_1_258' title='bbox 15 3336 17 3379; x_wconf 42' lang='grc' dir='ltr'>Ξ</span> <span class='ocrx_word' id='word_1_259' title='bbox 63 3285 231 3356; x_wconf 82' lang='lat' dir='ltr'><strong>Brixellum</strong></span> <span class='ocrx_word' id='word_1_260' title='bbox 241 3292 436 3369; x_wconf 87' lang='lat' dir='ltr'><strong>concederet,</strong></span> <span class='ocrx_word' id='word_1_261' title='bbox 448 3312 495 3371; x_wconf 90' lang='lat' dir='ltr'><strong>ac,</strong></span> <span class='ocrx_word' id='word_1_262' title='bbox 504 3290 612 3355; x_wconf 91' lang='lat' dir='ltr'><strong>dubiis</strong></span> <span class='ocrx_word' id='word_1_263' title='bbox 620 3291 804 3375; x_wconf 89' lang='lat' dir='ltr'><strong>praeliorum</strong></span> <span class='ocrx_word' id='word_1_264' title='bbox 813 3305 968 3378; x_wconf 86' lang='lat' dir='ltr'><strong>exemtus,</strong></span> <span class='ocrx_word' id='word_1_265' title='bbox 977 3318 1066 3364; x_wconf 88' lang='lat' dir='ltr'><strong>sum·</strong></span> 
     </span>
     <span class='ocr_line' id='line_1_37' title="bbox 65 3377 1064 3467; baseline 0.009 -26"><span class='ocrx_word' id='word_1_266' title='bbox 65 3387 114 3441; x_wconf 79' lang='lat' dir='ltr'><strong>me</strong></span> <span class='ocrx_word' id='word_1_267' title='bbox 128 3396 233 3441; x_wconf 90' lang='lat' dir='ltr'><strong>rerum</strong></span> <span class='ocrx_word' id='word_1_268' title='bbox 257 3388 289 3440; x_wconf 90' lang='lat' dir='ltr'><strong>et</strong></span> <span class='ocrx_word' id='word_1_269' title='bbox 313 3377 444 3461; x_wconf 91' lang='lat' dir='ltr'><strong>Imperii</strong></span> <span class='ocrx_word' id='word_1_270' title='bbox 470 3396 504 3441; x_wconf 90' lang='lat' dir='ltr'><strong>se</strong></span> <span class='ocrx_word' id='word_1_271' title='bbox 527 3377 636 3459; x_wconf 89' lang='lat' dir='ltr'><strong>ipsum</strong></span> <span class='ocrx_word' id='word_1_272' title='bbox 658 3382 851 3446; x_wconf 77' lang='lat' dir='ltr'><strong>reservaret.²</strong></span> <span class='ocrx_word' id='word_1_273' title='bbox 893 3382 925 3446; x_wconf 92' lang='lat' dir='ltr'><strong>ls</strong></span> <span class='ocrx_word' id='word_1_274' title='bbox 940 3384 1064 3467; x_wconf 87' lang='lat' dir='ltr'><strong>primus</strong></span> 
     </span>
     <span class='ocr_line' id='line_1_38' title="bbox 64 3455 1065 3553; baseline 0.015 -34"><span class='ocrx_word' id='word_1_275' title='bbox 64 3455 122 3525; x_wconf 89' lang='lat' dir='ltr'><strong>dies</strong></span> <span class='ocrx_word' id='word_1_276' title='bbox 149 3461 349 3527; x_wconf 84' lang='lat' dir='ltr'><strong>Othonianas</strong></span> <span class='ocrx_word' id='word_1_277' title='bbox 377 3474 481 3547; x_wconf 87' lang='lat' dir='ltr'><strong>partes</strong></span> <span class='ocrx_word' id='word_1_278' title='bbox 509 3463 643 3527; x_wconf 85' lang='lat' dir='ltr'><strong>afflixit:</strong></span> <span class='ocrx_word' id='word_1_279' title='bbox 666 3483 806 3549; x_wconf 85' lang='lat' dir='ltr'><strong>namque</strong></span> <span class='ocrx_word' id='word_1_280' title='bbox 829 3476 861 3531; x_wconf 90' lang='lat' dir='ltr'><strong>et</strong></span> <span class='ocrx_word' id='word_1_281' title='bbox 889 3487 965 3533; x_wconf 89' lang='lat' dir='ltr'><strong>cum</strong></span> <span class='ocrx_word' id='word_1_282' title='bbox 993 3471 1065 3553; x_wconf 89' lang='lat' dir='ltr'><strong>ipso</strong></span> 
     </span>
    </p>

    <p class='ocr_par' dir='ltr' id='par_1_7' title="bbox 15 3539 1065 3714">
     <span class='ocr_line' id='line_1_39' title="bbox 15 3539 1065 3636; baseline 0.015 -33"><span class='ocrx_word' id='word_1_283' title='bbox 15 3573 16 3576; x_wconf 79' lang='lat'>¹</span> <span class='ocrx_word' id='word_1_284' title='bbox 67 3539 281 3613; x_wconf 82' lang='lat' dir='ltr'><strong>Praetoriarum</strong></span> <span class='ocrx_word' id='word_1_285' title='bbox 294 3548 476 3614; x_wconf 89' lang='lat' dir='ltr'><strong>cohortium</strong></span> <span class='ocrx_word' id='word_1_286' title='bbox 489 3557 521 3611; x_wconf 88' lang='lat' dir='ltr'><strong>et</strong></span> <span class='ocrx_word' id='word_1_287' title='bbox 535 3551 773 3632; x_wconf 88' lang='lat' dir='ltr'><strong>speculatorum</strong></span> <span class='ocrx_word' id='word_1_288' title='bbox 787 3552 994 3636; x_wconf 85' lang='lat' dir='ltr'><strong>equitumque</strong></span> <span class='ocrx_word' id='word_1_289' title='bbox 1009 3575 1065 3619; x_wconf 86' lang='lat' dir='ltr'><strong>va·</strong></span> 
     </span>
     <span class='ocr_line' id='line_1_40' title="bbox 67 3624 1062 3714; baseline 0.007 -22"><span class='ocrx_word' id='word_1_290' title='bbox 67 3624 122 3694; x_wconf 87' lang='lat' dir='ltr'><strong>lida</strong></span> <span class='ocrx_word' id='word_1_291' title='bbox 146 3652 262 3699; x_wconf 87' lang='lat' dir='ltr'><strong>manus</strong></span> <span class='ocrx_word' id='word_1_292' title='bbox 287 3633 440 3714; x_wconf 88' lang='lat' dir='ltr'><strong>discessit,</strong></span> <span class='ocrx_word' id='word_1_293' title='bbox 462 3644 494 3697; x_wconf 90' lang='lat' dir='ltr'><strong>et</strong></span> <span class='ocrx_word' id='word_1_294' title='bbox 517 3636 756 3700; x_wconf 89' lang='lat' dir='ltr'><strong>remanentium</strong></span> <span class='ocrx_word' id='word_1_295' title='bbox 776 3636 895 3702; x_wconf 81' lang='lat' dir='ltr'><strong>fractus</strong></span> <span class='ocrx_word' id='word_1_296' title='bbox 916 3638 1062 3701; x_wconf 89' lang='lat' dir='ltr'><strong>animus:</strong></span> 
     </span>
    </p>
   </div>
   <div class='ocr_carea' id='block_1_3' title="bbox 67 3715 1065 3867">
    <p class='ocr_par' dir='ltr' id='par_1_8' title="bbox 67 3715 1065 3867">
     <span class='ocr_line' id='line_1_41' title="bbox 67 3715 1065 3867; baseline 0.005 -89"><span class='ocrx_word' id='word_1_297' title='bbox 67 3718 182 3794; x_wconf 88' lang='lat' dir='ltr'><strong>quando</strong></span> <span class='ocrx_word' id='word_1_298' title='bbox 192 3719 331 3804; x_wconf 89' lang='lat' dir='ltr'><strong>suspecti</strong></span> <span class='ocrx_word' id='word_1_299' title='bbox 346 3718 466 3799; x_wconf 87' lang='lat' dir='ltr'><strong>Duces,</strong></span> <span class='ocrx_word' id='word_1_300' title='bbox 486 3728 519 3783; x_wconf 88' lang='lat' dir='ltr'><strong>et</strong></span> <span class='ocrx_word' id='word_1_301' title='bbox 542 3729 588 3867; x_wconf 52' lang='lat' dir='ltr'><strong>u}</strong></span> <span class='ocrx_word' id='word_1_302' title='bbox 599 3718 722 3784; x_wconf 86' lang='lat' dir='ltr'><strong>Othoni</strong></span> <span class='ocrx_word' id='word_1_303' title='bbox 746 3719 806 3784; x_wconf 88' lang='lat' dir='ltr'><strong>uni</strong></span> <span class='ocrx_word' id='word_1_304' title='bbox 827 3719 914 3804; x_wconf 88' lang='lat' dir='ltr'><strong>apud</strong></span> <span class='ocrx_word' id='word_1_305' title='bbox 927 3715 1065 3784; x_wconf 86' lang='lat' dir='ltr'><strong>militem</strong></span> 
     </span>
    </p>
   </div>
   <div class='ocr_carea' id='block_1_4' title="bbox 0 0 1200 4050">
    <p class='ocr_par' dir='ltr' id='par_1_9' title="bbox 0 0 1200 4050">
     <span class='ocr_line' id='line_1_42' title="bbox 0 0 1200 4050; baseline 0 0"><span class='ocrx_word' id='word_1_306' title='bbox 0 0 1200 4050; x_wconf 95' lang='lat' dir='ltr'><strong> </strong></span> 
     </span>
    </p>
   </div>
  </div>
 </body>
</html>
