<?xml version="1.0" encoding="UTF-8"?>
<!DOCTYPE html PUBLIC "-//W3C//DTD XHTML 1.0 Transitional//EN"
    "http://www.w3.org/TR/xhtml1/DTD/xhtml1-transitional.dtd">
<html xmlns="http://www.w3.org/1999/xhtml" xml:lang="en" lang="en">
 <head>
  <title>
</title>
<meta http-equiv="Content-Type" content="text/html;charset=utf-8" />
  <meta name='ocr-system' content='tesseract 3.04.00' />
  <meta name='ocr-capabilities' content='ocr_page ocr_carea ocr_par ocr_line ocrx_word'/>
</head>
<body>
  <div class='ocr_page' id='page_1' title='image "./ccorneliitaciti37tacigoog_0131.png"; bbox 0 0 2392 4050; ppageno 0'>
   <div class='ocr_carea' id='block_1_1' title="bbox 1167 79 1175 188">
    <p class='ocr_par' dir='ltr' id='par_1_1' title="bbox 1167 79 1175 188">
     <span class='ocr_line' id='line_1_1' title="bbox 1167 79 1175 188; baseline 0 0"><span class='ocrx_word' id='word_1_1' title='bbox 1167 79 1175 188; x_wconf 90' lang='lat' dir='ltr'>l</span> 
     </span>
    </p>
   </div>
   <div class='ocr_carea' id='block_1_2' title="bbox 127 201 1174 356">
    <p class='ocr_par' dir='ltr' id='par_1_2' title="bbox 127 201 1174 356">
     <span class='ocr_line' id='line_1_2' title="bbox 127 201 1174 356; baseline 0 -80"><span class='ocrx_word' id='word_1_2' title='bbox 127 207 172 276; x_wconf 77' lang='lat'>62</span> <span class='ocrx_word' id='word_1_3' title='bbox 185 226 286 356; x_wconf 37' lang='grc' dir='ltr'>φρ</span> <span class='ocrx_word' id='word_1_4' title='bbox 484 212 522 277; x_wconf 84' lang='lat' dir='ltr'>O.</span> <span class='ocrx_word' id='word_1_5' title='bbox 538 212 649 277; x_wconf 79' lang='lat' dir='ltr'>Ooarr.</span> <span class='ocrx_word' id='word_1_6' title='bbox 666 210 803 277; x_wconf 77' lang='lat' dir='ltr'>Vrcrrr</span> <span class='ocrx_word' id='word_1_7' title='bbox 934 209 1000 300; x_wconf 83' lang='grc' dir='ltr'><strong>,[Α.</strong></span> <span class='ocrx_word' id='word_1_8' title='bbox 1017 213 1058 278; x_wconf 92' lang='lat' dir='ltr'>U.</span> <span class='ocrx_word' id='word_1_9' title='bbox 1073 201 1174 278; x_wconf 31' lang='lat'>822¹</span> 
     </span>
    </p>
   </div>
   <div class='ocr_carea' id='block_1_3' title="bbox 57 367 1182 3773">
    <p class='ocr_par' dir='ltr' id='par_1_3' title="bbox 125 367 1173 471">
     <span class='ocr_line' id='line_1_3' title="bbox 125 367 1173 471; baseline 0.007 -24"><span class='ocrx_word' id='word_1_10' title='bbox 125 381 215 464; x_wconf 89' lang='lat' dir='ltr'>fides,</span> <span class='ocrx_word' id='word_1_11' title='bbox 231 383 357 449; x_wconf 86' lang='lat' dir='ltr'>dumet</span> <span class='ocrx_word' id='word_1_12' title='bbox 371 384 438 469; x_wconf 89' lang='lat' dir='ltr'>ipse</span> <span class='ocrx_word' id='word_1_13' title='bbox 462 384 609 448; x_wconf 90' lang='lat' dir='ltr'>nonnisi</span> <span class='ocrx_word' id='word_1_14' title='bbox 632 379 790 450; x_wconf 78' lang='lat' dir='ltr'>militibus</span> <span class='ocrx_word' id='word_1_15' title='bbox 810 383 919 467; x_wconf 85' lang='lat' dir='ltr'>credit,</span> <span class='ocrx_word' id='word_1_16' title='bbox 930 383 1066 471; x_wconf 86' lang='lat' dir='ltr'>imperia</span> <span class='ocrx_word' id='word_1_17' title='bbox 1080 385 1142 449; x_wconf 92' lang='lat' dir='ltr'>Du·</span> <span class='ocrx_word' id='word_1_18' title='bbox 1172 367 1173 454; x_wconf 54' lang='grc' dir='ltr'>Ῐ</span> 
     </span>
    </p>

    <p class='ocr_par' dir='ltr' id='par_1_4' title="bbox 171 470 588 553">
     <span class='ocr_line' id='line_1_4' title="bbox 171 470 588 553; baseline -0.005 -20"><span class='ocrx_word' id='word_1_19' title='bbox 171 490 203 533; x_wconf 91' lang='lat' dir='ltr'>m</span> <span class='ocrx_word' id='word_1_20' title='bbox 218 470 252 534; x_wconf 92' lang='lat' dir='ltr'>in</span> <span class='ocrx_word' id='word_1_21' title='bbox 268 472 391 535; x_wconf 89' lang='lat' dir='ltr'>incerto</span> <span class='ocrx_word' id='word_1_22' title='bbox 407 470 588 553; x_wconf 82' lang='lat' dir='ltr'>reliquerat.</span> 
     </span>
    </p>

    <p class='ocr_par' dir='ltr' id='par_1_5' title="bbox 95 554 1173 1819">
     <span class='ocr_line' id='line_1_5' title="bbox 95 554 1140 652; baseline -0.004 -30"><span class='ocrx_word' id='word_1_23' title='bbox 95 619 121 652; x_wconf 41' lang='lat' dir='ltr'><em>J</em></span> <span class='ocrx_word' id='word_1_24' title='bbox 134 556 328 622; x_wconf 69' lang='lat' dir='ltr'>JXXXlV.</span> <span class='ocrx_word' id='word_1_25' title='bbox 351 556 444 622; x_wconf 91' lang='lat' dir='ltr'>Nihil</span> <span class='ocrx_word' id='word_1_26' title='bbox 467 575 581 619; x_wconf 89' lang='lat' dir='ltr'>corum</span> <span class='ocrx_word' id='word_1_27' title='bbox 602 554 791 620; x_wconf 86' lang='lat' dir='ltr'>Vitellianos</span> <span class='ocrx_word' id='word_1_28' title='bbox 813 554 952 638; x_wconf 85' lang='lat' dir='ltr'>fallebat,</span> <span class='ocrx_word' id='word_1_29' title='bbox 967 556 1095 636; x_wconf 81' lang='lat' dir='ltr'>crebris,</span> <span class='ocrx_word' id='word_1_30' title='bbox 1108 566 1140 620; x_wconf 91' lang='lat' dir='ltr'>ut</span> 
     </span>
     <span class='ocr_line' id='line_1_6' title="bbox 124 640 1141 726; baseline 0 -22"><span class='ocrx_word' id='word_1_31' title='bbox 124 641 160 705; x_wconf 91' lang='lat' dir='ltr'>iu</span> <span class='ocrx_word' id='word_1_32' title='bbox 176 642 266 707; x_wconf 87' lang='lat' dir='ltr'>civili</span> <span class='ocrx_word' id='word_1_33' title='bbox 280 643 375 723; x_wconf 91' lang='lat' dir='ltr'>bello,</span> <span class='ocrx_word' id='word_1_34' title='bbox 391 640 597 726; x_wconf 82' lang='lat' dir='ltr'>transfugiis:</span> <span class='ocrx_word' id='word_1_35' title='bbox 620 650 652 704; x_wconf 88' lang='lat' dir='ltr'>et</span> <span class='ocrx_word' id='word_1_36' title='bbox 674 642 900 724; x_wconf 78' lang='lat' dir='ltr'>exploratores,</span> <span class='ocrx_word' id='word_1_37' title='bbox 924 642 1141 712; x_wconf 71' lang='lat' dir='ltr'>curiadiversa</span> 
     </span>
     <span class='ocr_line' id='line_1_7' title="bbox 124 726 1140 811; baseline 0.003 -21"><span class='ocrx_word' id='word_1_38' title='bbox 124 727 322 807; x_wconf 89' lang='lat' dir='ltr'>sciscitandi,</span> <span class='ocrx_word' id='word_1_39' title='bbox 344 749 404 793; x_wconf 90' lang='lat' dir='ltr'>sua</span> <span class='ocrx_word' id='word_1_40' title='bbox 418 746 483 792; x_wconf 88' lang='lat' dir='ltr'>non</span> <span class='ocrx_word' id='word_1_41' title='bbox 500 726 715 791; x_wconf 84' lang='lat' dir='ltr'>occultabant.</span> <span class='ocrx_word' id='word_1_42' title='bbox 757 727 872 806; x_wconf 66' lang='lat' dir='ltr'>Quieti</span> <span class='ocrx_word' id='word_1_43' title='bbox 887 728 1065 811; x_wconf 87' lang='lat' dir='ltr'>intentique</span> <span class='ocrx_word' id='word_1_44' title='bbox 1081 729 1140 793; x_wconf 82' lang='lat' dir='ltr'>Oa·</span> 
     </span>
     <span class='ocr_line' id='line_1_8' title="bbox 125 810 1141 896; baseline -0.001 -20"><span class='ocrx_word' id='word_1_45' title='bbox 125 811 200 876; x_wconf 86' lang='lat' dir='ltr'>cina</span> <span class='ocrx_word' id='word_1_46' title='bbox 215 834 254 879; x_wconf 90' lang='lat' dir='ltr'>ac</span> <span class='ocrx_word' id='word_1_47' title='bbox 268 814 398 894; x_wconf 87' lang='lat' dir='ltr'>Valens,</span> <span class='ocrx_word' id='word_1_48' title='bbox 419 812 550 895; x_wconf 89' lang='lat' dir='ltr'>quando</span> <span class='ocrx_word' id='word_1_49' title='bbox 568 810 669 875; x_wconf 89' lang='lat' dir='ltr'>hostis</span> <span class='ocrx_word' id='word_1_50' title='bbox 690 812 908 894; x_wconf 70' lang='lat' dir='ltr'>imprudentia</span> <span class='ocrx_word' id='word_1_51' title='bbox 929 825 1044 893; x_wconf 88' lang='lat' dir='ltr'>rueret,</span> <span class='ocrx_word' id='word_1_52' title='bbox 1057 811 1141 896; x_wconf 92' lang='lat' dir='ltr'>quod</span> 
     </span>
     <span class='ocr_line' id='line_1_9' title="bbox 124 897 1141 984; baseline 0.001 -23"><span class='ocrx_word' id='word_1_53' title='bbox 124 897 197 984; x_wconf 80' lang='lat' dir='ltr'>loco</span> <span class='ocrx_word' id='word_1_54' title='bbox 211 899 375 983; x_wconf 77' lang='lat' dir='ltr'>sapientia</span> <span class='ocrx_word' id='word_1_55' title='bbox 388 908 446 978; x_wconf 89' lang='lat' dir='ltr'>est,</span> <span class='ocrx_word' id='word_1_56' title='bbox 473 897 614 962; x_wconf 89' lang='lat' dir='ltr'>alienam</span> <span class='ocrx_word' id='word_1_57' title='bbox 639 897 807 965; x_wconf 84' lang='lat' dir='ltr'>stultitiam</span> <span class='ocrx_word' id='word_1_58' title='bbox 820 900 1084 982; x_wconf 76' lang='lat' dir='ltr'>opperiebantur,</span> <span class='ocrx_word' id='word_1_59' title='bbox 1098 899 1141 962; x_wconf 89' lang='lat' dir='ltr'>in·</span> 
     </span>
     <span class='ocr_line' id='line_1_10' title="bbox 123 981 1141 1069; baseline 0.001 -23"><span class='ocrx_word' id='word_1_60' title='bbox 123 983 239 1049; x_wconf 86' lang='lat' dir='ltr'>choato</span> <span class='ocrx_word' id='word_1_61' title='bbox 255 998 350 1067; x_wconf 89' lang='lat' dir='ltr'>ponte</span> <span class='ocrx_word' id='word_1_62' title='bbox 366 982 537 1048; x_wconf 78' lang='lat' dir='ltr'>transitum</span> <span class='ocrx_word' id='word_1_63' title='bbox 552 981 633 1048; x_wconf 88' lang='lat' dir='ltr'>Padi</span> <span class='ocrx_word' id='word_1_64' title='bbox 655 982 854 1065; x_wconf 77' lang='lat' dir='ltr'>simulanter,</span> <span class='ocrx_word' id='word_1_65' title='bbox 867 984 1026 1050; x_wconf 80' lang='lat' dir='ltr'>adversus</span> <span class='ocrx_word' id='word_1_66' title='bbox 1051 1004 1141 1069; x_wconf 88' lang='lat' dir='ltr'>oppo-</span> 
     </span>
     <span class='ocr_line' id='line_1_11' title="bbox 122 1068 1173 1156; baseline 0.003 -26"><span class='ocrx_word' id='word_1_67' title='bbox 122 1068 218 1133; x_wconf 82' lang='lat' dir='ltr'>sitam</span> <span class='ocrx_word' id='word_1_68' title='bbox 232 1069 449 1155; x_wconf 84' lang='lat' dir='ltr'>gladiatorum</span> <span class='ocrx_word' id='word_1_69' title='bbox 476 1087 620 1150; x_wconf 89' lang='lat' dir='ltr'>manum,</span> <span class='ocrx_word' id='word_1_70' title='bbox 643 1087 681 1132; x_wconf 88' lang='lat' dir='ltr'>ac</span> <span class='ocrx_word' id='word_1_71' title='bbox 706 1088 747 1132; x_wconf 90' lang='lat' dir='ltr'>ne</span> <span class='ocrx_word' id='word_1_72' title='bbox 772 1071 917 1155; x_wconf 91' lang='lat' dir='ltr'>ipsorum</span> <span class='ocrx_word' id='word_1_73' title='bbox 939 1072 1031 1136; x_wconf 88' lang='lat' dir='ltr'>miles</span> <span class='ocrx_word' id='word_1_74' title='bbox 1046 1090 1140 1156; x_wconf 85' lang='lat' dir='ltr'>segne</span> <span class='ocrx_word' id='word_1_75' title='bbox 1170 1087 1173 1114; x_wconf 84' lang='lat'><em>=</em></span> 
     </span>
     <span class='ocr_line' id='line_1_12' title="bbox 121 1153 1140 1238; baseline 0.003 -21"><span class='ocrx_word' id='word_1_76' title='bbox 121 1154 226 1220; x_wconf 90' lang='lat' dir='ltr'>otium</span> <span class='ocrx_word' id='word_1_77' title='bbox 239 1166 362 1220; x_wconf 85' lang='lat' dir='ltr'>tereret.</span> <span class='ocrx_word' id='word_1_78' title='bbox 408 1153 608 1238; x_wconf 86' lang='lat' dir='ltr'>Nares,pari</span> <span class='ocrx_word' id='word_1_79' title='bbox 630 1154 713 1218; x_wconf 86' lang='lat' dir='ltr'>inter</span> <span class='ocrx_word' id='word_1_80' title='bbox 727 1174 761 1218; x_wconf 88' lang='lat' dir='ltr'>se</span> <span class='ocrx_word' id='word_1_81' title='bbox 775 1155 887 1238; x_wconf 90' lang='lat' dir='ltr'>spatio,</span> <span class='ocrx_word' id='word_1_82' title='bbox 902 1155 1019 1220; x_wconf 85' lang='lat' dir='ltr'>validis</span> <span class='ocrx_word' id='word_1_83' title='bbox 1033 1158 1140 1220; x_wconf 70' lang='lat' dir='ltr'>utrina</span> 
     </span>
     <span class='ocr_line' id='line_1_13' title="bbox 121 1238 1139 1329; baseline 0.001 -27"><span class='ocrx_word' id='word_1_84' title='bbox 121 1259 186 1322; x_wconf 90' lang='lat' dir='ltr'>que</span> <span class='ocrx_word' id='word_1_85' title='bbox 201 1241 344 1305; x_wconf 89' lang='lat' dir='ltr'>trabibus</span> <span class='ocrx_word' id='word_1_86' title='bbox 359 1259 524 1318; x_wconf 69' lang='lat' dir='ltr'>connexae,</span> <span class='ocrx_word' id='word_1_87' title='bbox 541 1238 713 1304; x_wconf 85' lang='lat' dir='ltr'>adversum</span> <span class='ocrx_word' id='word_1_88' title='bbox 727 1240 896 1305; x_wconf 82' lang='lat' dir='ltr'>indumen</span> <span class='ocrx_word' id='word_1_89' title='bbox 915 1241 1139 1329; x_wconf 84' lang='lat' dir='ltr'>dirigebantur,</span> 
     </span>
     <span class='ocr_line' id='line_1_14' title="bbox 118 1323 1140 1409; baseline 0.001 -21"><span class='ocrx_word' id='word_1_90' title='bbox 118 1323 214 1406; x_wconf 84' lang='lat' dir='ltr'>jactis</span> <span class='ocrx_word' id='word_1_91' title='bbox 228 1346 324 1409; x_wconf 90' lang='lat' dir='ltr'>snper</span> <span class='ocrx_word' id='word_1_92' title='bbox 339 1324 499 1405; x_wconf 86' lang='lat' dir='ltr'>anchoris,</span> <span class='ocrx_word' id='word_1_93' title='bbox 521 1345 593 1408; x_wconf 84' lang='lat' dir='ltr'>quae</span> <span class='ocrx_word' id='word_1_94' title='bbox 617 1324 799 1391; x_wconf 87' lang='lat' dir='ltr'>firmitatem</span> <span class='ocrx_word' id='word_1_95' title='bbox 813 1327 919 1409; x_wconf 89' lang='lat' dir='ltr'>pontis</span> <span class='ocrx_word' id='word_1_96' title='bbox 933 1328 1140 1394; x_wconf 89' lang='lat' dir='ltr'>continerent.</span> 
     </span>
     <span class='ocr_line' id='line_1_15' title="bbox 122 1410 1140 1498; baseline 0.002 -22"><span class='ocrx_word' id='word_1_97' title='bbox 122 1411 193 1476; x_wconf 80' lang='lat' dir='ltr'>Sed·</span> <span class='ocrx_word' id='word_1_98' title='bbox 204 1412 422 1477; x_wconf 87' lang='lat' dir='ltr'>anchorarum</span> <span class='ocrx_word' id='word_1_99' title='bbox 435 1410 529 1475; x_wconf 84' lang='lat' dir='ltr'>funes</span> <span class='ocrx_word' id='word_1_100' title='bbox 553 1429 619 1474; x_wconf 90' lang='lat' dir='ltr'>non</span> <span class='ocrx_word' id='word_1_101' title='bbox 644 1410 765 1476; x_wconf 85' lang='lat' dir='ltr'>extenti</span> <span class='ocrx_word' id='word_1_102' title='bbox 778 1412 956 1494; x_wconf 90' lang='lat' dir='ltr'>fluitabant,</span> <span class='ocrx_word' id='word_1_103' title='bbox 971 1424 1017 1496; x_wconf 92' lang='lat' dir='ltr'>ut,</span> <span class='ocrx_word' id='word_1_104' title='bbox 1031 1432 1140 1498; x_wconf 84' lang='lat' dir='ltr'>auges-</span> 
     </span>
     <span class='ocr_line' id='line_1_16' title="bbox 121 1495 1141 1578; baseline 0.001 -18"><span class='ocrx_word' id='word_1_105' title='bbox 121 1508 213 1561; x_wconf 82' lang='lat' dir='ltr'>cente</span> <span class='ocrx_word' id='word_1_106' title='bbox 227 1498 371 1578; x_wconf 89' lang='lat' dir='ltr'>flumine,</span> <span class='ocrx_word' id='word_1_107' title='bbox 386 1495 563 1561; x_wconf 86' lang='lat' dir='ltr'>inoffensus</span> <span class='ocrx_word' id='word_1_108' title='bbox 578 1495 658 1560; x_wconf 91' lang='lat' dir='ltr'>ordo</span> <span class='ocrx_word' id='word_1_109' title='bbox 670 1496 807 1561; x_wconf 90' lang='lat' dir='ltr'>navium</span> <span class='ocrx_word' id='word_1_110' title='bbox 817 1499 1025 1562; x_wconf 82' lang='lat' dir='ltr'>attolleretur.</span> <span class='ocrx_word' id='word_1_111' title='bbox 1049 1499 1141 1564; x_wconf 85' lang='lat' dir='ltr'>Olau-</span> 
     </span>
     <span class='ocr_line' id='line_1_17' title="bbox 121 1581 1141 1666; baseline 0.002 -19"><span class='ocrx_word' id='word_1_112' title='bbox 121 1581 216 1647; x_wconf 90' lang='lat' dir='ltr'>debat</span> <span class='ocrx_word' id='word_1_113' title='bbox 244 1594 375 1666; x_wconf 90' lang='lat' dir='ltr'>pontem</span> <span class='ocrx_word' id='word_1_114' title='bbox 398 1581 547 1665; x_wconf 87' lang='lat' dir='ltr'>imposita</span> <span class='ocrx_word' id='word_1_115' title='bbox 571 1582 677 1645; x_wconf 89' lang='lat' dir='ltr'>turris·</span> <span class='ocrx_word' id='word_1_116' title='bbox 697 1592 729 1645; x_wconf 91' lang='lat' dir='ltr'>et</span> <span class='ocrx_word' id='word_1_117' title='bbox 756 1582 790 1646; x_wconf 92' lang='lat' dir='ltr'>in</span> <span class='ocrx_word' id='word_1_118' title='bbox 820 1593 998 1648; x_wconf 84' lang='lat' dir='ltr'>extremam</span> <span class='ocrx_word' id='word_1_119' title='bbox 1026 1603 1141 1649; x_wconf 89' lang='lat' dir='ltr'>navem</span> 
     </span>
     <span class='ocr_line' id='line_1_18' title="bbox 121 1666 1140 1754; baseline 0 -20"><span class='ocrx_word' id='word_1_120' title='bbox 121 1667 257 1734; x_wconf 88' lang='lat' dir='ltr'>educta:</span> <span class='ocrx_word' id='word_1_121' title='bbox 285 1668 372 1733; x_wconf 89' lang='lat' dir='ltr'>unde</span> <span class='ocrx_word' id='word_1_122' title='bbox 400 1666 566 1732; x_wconf 88' lang='lat' dir='ltr'>tormentis</span> <span class='ocrx_word' id='word_1_123' title='bbox 594 1687 633 1731; x_wconf 88' lang='lat' dir='ltr'>ac</span> <span class='ocrx_word' id='word_1_124' title='bbox 658 1667 818 1733; x_wconf 88' lang='lat' dir='ltr'>machinis</span> <span class='ocrx_word' id='word_1_125' title='bbox 841 1672 946 1734; x_wconf 86' lang='lat' dir='ltr'>hostes</span> <span class='ocrx_word' id='word_1_126' title='bbox 981 1671 1140 1754; x_wconf 89' lang='lat' dir='ltr'>propulsa-</span> 
     </span>
     <span class='ocr_line' id='line_1_19' title="bbox 122 1764 243 1819; baseline 0.008 -1"><span class='ocrx_word' id='word_1_127' title='bbox 122 1764 243 1819; x_wconf 84' lang='lat' dir='ltr'>rentur.</span> 
     </span>
    </p>

    <p class='ocr_par' dir='ltr' id='par_1_6' title="bbox 118 1836 1140 2436">
     <span class='ocr_line' id='line_1_20' title="bbox 166 1836 1140 1924; baseline -0.002 -18"><span class='ocrx_word' id='word_1_128' title='bbox 166 1840 307 1906; x_wconf 87' lang='lat' dir='ltr'>XXXV.</span> <span class='ocrx_word' id='word_1_129' title='bbox 331 1836 507 1905; x_wconf 90' lang='lat' dir='ltr'>Othoniani</span> <span class='ocrx_word' id='word_1_130' title='bbox 530 1838 562 1901; x_wconf 93' lang='lat' dir='ltr'>iu</span> <span class='ocrx_word' id='word_1_131' title='bbox 579 1836 649 1921; x_wconf 71' lang='lat' dir='ltr'>ripa</span> <span class='ocrx_word' id='word_1_132' title='bbox 664 1838 779 1902; x_wconf 89' lang='lat' dir='ltr'>turrim</span> <span class='ocrx_word' id='word_1_133' title='bbox 792 1847 984 1920; x_wconf 85' lang='lat' dir='ltr'>struxerant,</span> <span class='ocrx_word' id='word_1_134' title='bbox 1000 1860 1140 1924; x_wconf 85' lang='lat' dir='ltr'>saxaque</span> 
     </span>
     <span class='ocr_line' id='line_1_21' title="bbox 122 1923 1138 2007; baseline 0 -18"><span class='ocrx_word' id='word_1_135' title='bbox 122 1936 154 1989; x_wconf 90' lang='lat' dir='ltr'>ct</span> <span class='ocrx_word' id='word_1_136' title='bbox 179 1925 265 1989; x_wconf 77' lang='lat' dir='ltr'>taces</span> <span class='ocrx_word' id='word_1_137' title='bbox 284 1925 521 2007; x_wconf 87' lang='lat' dir='ltr'>jaculabantur.</span> <span class='ocrx_word' id='word_1_138' title='bbox 565 1923 611 1987; x_wconf 89' lang='lat' dir='ltr'>Et</span> <span class='ocrx_word' id='word_1_139' title='bbox 632 1934 699 1987; x_wconf 89' lang='lat' dir='ltr'>erat</span> <span class='ocrx_word' id='word_1_140' title='bbox 726 1924 833 1988; x_wconf 90' lang='lat' dir='ltr'>insula</span> <span class='ocrx_word' id='word_1_141' title='bbox 854 1944 949 1989; x_wconf 88' lang='lat' dir='ltr'>amne</span> <span class='ocrx_word' id='word_1_142' title='bbox 975 1925 1090 2006; x_wconf 91' lang='lat' dir='ltr'>medio,</span> <span class='ocrx_word' id='word_1_143' title='bbox 1107 1927 1138 1989; x_wconf 92' lang='lat' dir='ltr'>in</span> 
     </span>
     <span class='ocr_line' id='line_1_22' title="bbox 120 2009 1138 2096; baseline -0.001 -20"><span class='ocrx_word' id='word_1_144' title='bbox 120 2031 220 2096; x_wconf 89' lang='lat' dir='ltr'>quarn</span> <span class='ocrx_word' id='word_1_145' title='bbox 233 2011 424 2095; x_wconf 77' lang='lat' dir='ltr'>gladiatores</span> <span class='ocrx_word' id='word_1_146' title='bbox 439 2009 577 2075; x_wconf 85' lang='lat' dir='ltr'>navibus</span> <span class='ocrx_word' id='word_1_147' title='bbox 589 2010 765 2092; x_wconf 89' lang='lat' dir='ltr'>molientes,</span> <span class='ocrx_word' id='word_1_148' title='bbox 776 2010 930 2075; x_wconf 88' lang='lat' dir='ltr'>Germani</span> <span class='ocrx_word' id='word_1_149' title='bbox 941 2012 1049 2076; x_wconf 91' lang='lat' dir='ltr'>nando</span> <span class='ocrx_word' id='word_1_150' title='bbox 1061 2032 1138 2095; x_wconf 87' lang='lat' dir='ltr'>prae·</span> 
     </span>
     <span class='ocr_line' id='line_1_23' title="bbox 121 2095 1139 2182; baseline -0.004 -19"><span class='ocrx_word' id='word_1_151' title='bbox 121 2098 320 2163; x_wconf 89' lang='lat' dir='ltr'>labebantur.</span> <span class='ocrx_word' id='word_1_152' title='bbox 364 2099 413 2161; x_wconf 91' lang='lat' dir='ltr'>Ac</span> <span class='ocrx_word' id='word_1_153' title='bbox 435 2095 514 2178; x_wconf 77' lang='lat' dir='ltr'>forte</span> <span class='ocrx_word' id='word_1_154' title='bbox 537 2096 647 2177; x_wconf 88' lang='lat' dir='ltr'>plures</span> <span class='ocrx_word' id='word_1_155' title='bbox 669 2108 891 2182; x_wconf 86' lang='lat' dir='ltr'>transgressos,</span> <span class='ocrx_word' id='word_1_156' title='bbox 907 2098 1073 2181; x_wconf 90' lang='lat' dir='ltr'>completis</span> <span class='ocrx_word' id='word_1_157' title='bbox 1088 2097 1139 2162; x_wconf 91' lang='lat' dir='ltr'>Li·</span> 
     </span>
     <span class='ocr_line' id='line_1_24' title="bbox 121 2180 1137 2268; baseline 0 -22"><span class='ocrx_word' id='word_1_158' title='bbox 121 2181 273 2261; x_wconf 87' lang='lat' dir='ltr'>burnicis,</span> <span class='ocrx_word' id='word_1_159' title='bbox 288 2203 344 2265; x_wconf 89' lang='lat' dir='ltr'>per</span> <span class='ocrx_word' id='word_1_160' title='bbox 358 2181 588 2264; x_wconf 89' lang='lat' dir='ltr'>promtissimos</span> <span class='ocrx_word' id='word_1_161' title='bbox 597 2180 813 2266; x_wconf 83' lang='lat' dir='ltr'>gladiatorum</span> <span class='ocrx_word' id='word_1_162' title='bbox 825 2182 933 2246; x_wconf 88' lang='lat' dir='ltr'>Macer</span> <span class='ocrx_word' id='word_1_163' title='bbox 947 2182 1137 2268; x_wconf 88' lang='lat' dir='ltr'>aggreditur.</span> 
     </span>
     <span class='ocr_line' id='line_1_25' title="bbox 122 2265 1137 2352; baseline -0.002 -20"><span class='ocrx_word' id='word_1_164' title='bbox 122 2268 188 2332; x_wconf 84' lang='lat' dir='ltr'>Sed</span> <span class='ocrx_word' id='word_1_165' title='bbox 202 2287 308 2351; x_wconf 90' lang='lat' dir='ltr'>neque</span> <span class='ocrx_word' id='word_1_166' title='bbox 321 2288 360 2331; x_wconf 90' lang='lat' dir='ltr'>ea</span> <span class='ocrx_word' id='word_1_167' title='bbox 373 2265 553 2330; x_wconf 84' lang='lat' dir='ltr'>constantia</span> <span class='ocrx_word' id='word_1_168' title='bbox 567 2265 797 2350; x_wconf 85' lang='lat' dir='ltr'>gladiatoribus</span> <span class='ocrx_word' id='word_1_169' title='bbox 812 2266 852 2330; x_wconf 86' lang='lat' dir='ltr'>ad</span> <span class='ocrx_word' id='word_1_170' title='bbox 866 2269 984 2351; x_wconf 85' lang='lat' dir='ltr'>praelia,</span> <span class='ocrx_word' id='word_1_171' title='bbox 998 2289 1068 2352; x_wconf 85' lang='lat' dir='ltr'>quae</span> <span class='ocrx_word' id='word_1_172' title='bbox 1082 2269 1137 2332; x_wconf 90' lang='lat' dir='ltr'>mi-</span> 
     </span>
     <span class='ocr_line' id='line_1_26' title="bbox 118 2333 1137 2436; baseline -0.001 -19"><span class='ocrx_word' id='word_1_173' title='bbox 118 2351 251 2436; x_wconf 79' lang='lat' dir='ltr'>litibus5</span> <span class='ocrx_word' id='word_1_174' title='bbox 275 2373 336 2417; x_wconf 88' lang='lat' dir='ltr'>nee</span> <span class='ocrx_word' id='word_1_175' title='bbox 357 2351 488 2435; x_wconf 87' lang='lat' dir='ltr'>perinde</span> <span class='ocrx_word' id='word_1_176' title='bbox 514 2333 715 2417; x_wconf 66' lang='lat' dir='ltr'>nutantesb</span> <span class='ocrx_word' id='word_1_177' title='bbox 739 2352 886 2435; x_wconf 88' lang='lat' dir='ltr'>naribus,</span> <span class='ocrx_word' id='word_1_178' title='bbox 911 2354 1011 2436; x_wconf 74' lang='lat' dir='ltr'>quam</span> <span class='ocrx_word' id='word_1_179' title='bbox 1035 2354 1137 2418; x_wconf 90' lang='lat' dir='ltr'>stabili</span> 
     </span>
    </p>

    <p class='ocr_par' dir='ltr' id='par_1_7' title="bbox 118 2436 1180 2781">
     <span class='ocr_line' id='line_1_27' title="bbox 143 2436 1180 2522; baseline 0 -21"><span class='ocrx_word' id='word_1_180' title='bbox 143 2436 224 2502; x_wconf 89' lang='lat' dir='ltr'>radu</span> <span class='ocrx_word' id='word_1_181' title='bbox 238 2459 256 2502; x_wconf 99' lang='lat' dir='ltr'>e</span> <span class='ocrx_word' id='word_1_182' title='bbox 270 2438 349 2522; x_wconf 75' lang='lat' dir='ltr'>ripa,</span> <span class='ocrx_word' id='word_1_183' title='bbox 365 2436 503 2502; x_wconf 81' lang='lat' dir='ltr'>vulnera</span> <span class='ocrx_word' id='word_1_184' title='bbox 521 2436 710 2520; x_wconf 87' lang='lat' dir='ltr'>dirigebant.</span> <span class='ocrx_word' id='word_1_185' title='bbox 754 2437 807 2518; x_wconf 90' lang='lat' dir='ltr'>Et,</span> <span class='ocrx_word' id='word_1_186' title='bbox 830 2439 905 2503; x_wconf 79' lang='lat' dir='ltr'>cunt</span> <span class='ocrx_word' id='word_1_187' title='bbox 925 2439 1024 2504; x_wconf 86' lang='lat' dir='ltr'>variis</span> <span class='ocrx_word' id='word_1_188' title='bbox 1049 2440 1137 2522; x_wconf 91' lang='lat' dir='ltr'>trepi·</span> <span class='ocrx_word' id='word_1_189' title='bbox 1179 2470 1180 2479; x_wconf 72' lang='lat'>=</span> 
     </span>
     <span class='ocr_line' id='line_1_28' title="bbox 119 2460 1138 2626; baseline 0.002 -38"><span class='ocrx_word' id='word_1_190' title='bbox 119 2460 271 2588; x_wconf 59' lang='lat' dir='ltr'>bantium</span> <span class='ocrx_word' id='word_1_191' title='bbox 286 2521 557 2602; x_wconf 87' lang='lat' dir='ltr'>inclinationibus,</span> <span class='ocrx_word' id='word_1_192' title='bbox 572 2523 665 2587; x_wconf 88' lang='lat' dir='ltr'>mixti</span> <span class='ocrx_word' id='word_1_193' title='bbox 680 2522 815 2626; x_wconf 85' lang='lat' dir='ltr'>remiges</span> <span class='ocrx_word' id='word_1_194' title='bbox 830 2536 1138 2610; x_wconf 85' lang='lat' dir='ltr'>propugnatoresque</span> 
     </span>
     <span class='ocr_line' id='line_1_29' title="bbox 119 2608 1179 2695; baseline 0.001 -21"><span class='ocrx_word' id='word_1_195' title='bbox 119 2609 336 2689; x_wconf 90' lang='lat' dir='ltr'>turbarentur,</span> <span class='ocrx_word' id='word_1_196' title='bbox 361 2608 489 2672; x_wconf 86' lang='lat' dir='ltr'>desilire</span> <span class='ocrx_word' id='word_1_197' title='bbox 514 2608 549 2673; x_wconf 92' lang='lat' dir='ltr'>in</span> <span class='ocrx_word' id='word_1_198' title='bbox 576 2609 662 2672; x_wconf 90' lang='lat' dir='ltr'>vada</span> <span class='ocrx_word' id='word_1_199' title='bbox 689 2610 774 2672; x_wconf 91' lang='lat' dir='ltr'>ultro</span> <span class='ocrx_word' id='word_1_200' title='bbox 796 2609 961 2691; x_wconf 86' lang='lat' dir='ltr'>Germani,</span> <span class='ocrx_word' id='word_1_201' title='bbox 984 2622 1136 2675; x_wconf 88' lang='lat' dir='ltr'>retentare</span> <span class='ocrx_word' id='word_1_202' title='bbox 1178 2676 1179 2695; x_wconf 58' lang='lat'>,</span> 
     </span>
     <span class='ocr_line' id='line_1_30' title="bbox 118 2693 1179 2781; baseline -0.001 -22"><span class='ocrx_word' id='word_1_203' title='bbox 118 2713 252 2778; x_wconf 86' lang='lat' dir='ltr'>puppes,</span> <span class='ocrx_word' id='word_1_204' title='bbox 264 2694 417 2758; x_wconf 86' lang='lat' dir='ltr'>scandere</span> <span class='ocrx_word' id='word_1_205' title='bbox 426 2693 522 2774; x_wconf 83' lang='lat' dir='ltr'>foros,</span> <span class='ocrx_word' id='word_1_206' title='bbox 533 2705 588 2758; x_wconf 89' lang='lat' dir='ltr'>aut</span> <span class='ocrx_word' id='word_1_207' title='bbox 603 2695 751 2758; x_wconf 90' lang='lat' dir='ltr'>cominus</span> <span class='ocrx_word' id='word_1_208' title='bbox 761 2714 919 2781; x_wconf 88' lang='lat' dir='ltr'>mergere:</span> <span class='ocrx_word' id='word_1_209' title='bbox 934 2716 1005 2780; x_wconf 82' lang='lat' dir='ltr'>quae</span> <span class='ocrx_word' id='word_1_210' title='bbox 1016 2707 1135 2777; x_wconf 88' lang='lat' dir='ltr'>cuncta,</span> <span class='ocrx_word' id='word_1_211' title='bbox 1177 2700 1179 2759; x_wconf 91' lang='lat' dir='ltr'>l</span> 
     </span>
    </p>

    <p class='ocr_par' dir='ltr' id='par_1_8' title="bbox 58 2764 1179 3019">
     <span class='ocr_line' id='line_1_31' title="bbox 58 2779 1135 2867; baseline 0.001 -23"><span class='ocrx_word' id='word_1_212' title='bbox 58 2783 60 2787; x_wconf 79' lang='grc'><strong>’</strong></span> <span class='ocrx_word' id='word_1_213' title='bbox 83 2864 84 2867; x_wconf 9' lang='lat'>¹</span> <span class='ocrx_word' id='word_1_214' title='bbox 119 2780 155 2845; x_wconf 92' lang='lat' dir='ltr'>in</span> <span class='ocrx_word' id='word_1_215' title='bbox 170 2780 273 2845; x_wconf 87' lang='lat' dir='ltr'>oculis</span> <span class='ocrx_word' id='word_1_216' title='bbox 295 2780 462 2863; x_wconf 89' lang='lat' dir='ltr'>utriusque</span> <span class='ocrx_word' id='word_1_217' title='bbox 488 2779 654 2861; x_wconf 75' lang='lat' dir='ltr'>exercitiis,</span> <span class='ocrx_word' id='word_1_218' title='bbox 678 2781 799 2863; x_wconf 78' lang='lat' dir='ltr'>quanto</span> <span class='ocrx_word' id='word_1_219' title='bbox 814 2781 935 2847; x_wconf 84' lang='lat' dir='ltr'>laetiora</span> <span class='ocrx_word' id='word_1_220' title='bbox 949 2782 1135 2861; x_wconf 83' lang='lat' dir='ltr'>Vitellianis,</span> 
     </span>
     <span class='ocr_line' id='line_1_32' title="bbox 118 2864 1179 2950; baseline -0.005 -15"><span class='ocrx_word' id='word_1_221' title='bbox 118 2865 208 2935; x_wconf 77' lang='lat' dir='ltr'>tantu</span> <span class='ocrx_word' id='word_1_222' title='bbox 222 2866 324 2930; x_wconf 77' lang='lat' dir='ltr'>acrius</span> <span class='ocrx_word' id='word_1_223' title='bbox 341 2864 519 2931; x_wconf 90' lang='lat' dir='ltr'>Othoniani</span> <span class='ocrx_word' id='word_1_224' title='bbox 533 2885 666 2932; x_wconf 86' lang='lat' dir='ltr'>causam</span> <span class='ocrx_word' id='word_1_225' title='bbox 680 2878 907 2950; x_wconf 89' lang='lat' dir='ltr'>auctoremque</span> <span class='ocrx_word' id='word_1_226' title='bbox 922 2867 1024 2933; x_wconf 89' lang='lat' dir='ltr'>cladis</span> <span class='ocrx_word' id='word_1_227' title='bbox 1038 2867 1133 2932; x_wconf 89' lang='lat' dir='ltr'>detes·</span> <span class='ocrx_word' id='word_1_228' title='bbox 1175 2868 1179 2881; x_wconf 88' lang='lat'>&#39;</span> 
     </span>
     <span class='ocr_line' id='line_1_33' title="bbox 124 2954 285 3019; baseline -0.019 -1"><span class='ocrx_word' id='word_1_229' title='bbox 124 2954 285 3019; x_wconf 87' lang='lat' dir='ltr'>tabantur.</span> 
     </span>
    </p>

    <p class='ocr_par' dir='ltr' id='par_1_9' title="bbox 57 3005 1182 3773">
     <span class='ocr_line' id='line_1_34' title="bbox 57 3005 1131 3131; baseline -0.007 -25"><span class='ocrx_word' id='word_1_230' title='bbox 57 3005 316 3131; x_wconf 48' lang='lat' dir='ltr'>MXXVI.</span> <span class='ocrx_word' id='word_1_231' title='bbox 338 3038 383 3102; x_wconf 83' lang='lat' dir='ltr'>Et</span> <span class='ocrx_word' id='word_1_232' title='bbox 397 3036 545 3119; x_wconf 86' lang='lat' dir='ltr'>praelium</span> <span class='ocrx_word' id='word_1_233' title='bbox 557 3035 697 3119; x_wconf 86' lang='lat' dir='ltr'>quidem,</span> <span class='ocrx_word' id='word_1_234' title='bbox 710 3037 852 3122; x_wconf 90' lang='lat' dir='ltr'>abruptis</span> <span class='ocrx_word' id='word_1_235' title='bbox 867 3057 939 3122; x_wconf 89' lang='lat' dir='ltr'>qnae</span> <span class='ocrx_word' id='word_1_236' title='bbox 949 3047 1131 3122; x_wconf 85' lang='lat' dir='ltr'>supererant</span> 
     </span>
     <span class='ocr_line' id='line_1_35' title="bbox 119 3123 1179 3210; baseline -0.004 -22"><span class='ocrx_word' id='word_1_237' title='bbox 119 3124 268 3205; x_wconf 73' lang='lat' dir='ltr'>naribus,</span> <span class='ocrx_word' id='word_1_238' title='bbox 284 3124 363 3210; x_wconf 70' lang='lat' dir='ltr'>fuga</span> <span class='ocrx_word' id='word_1_239' title='bbox 377 3123 568 3188; x_wconf 89' lang='lat' dir='ltr'>diremtum:</span> <span class='ocrx_word' id='word_1_240' title='bbox 592 3123 702 3188; x_wconf 89' lang='lat' dir='ltr'>Macer</span> <span class='ocrx_word' id='word_1_241' title='bbox 723 3123 764 3187; x_wconf 89' lang='lat' dir='ltr'>ad</span> <span class='ocrx_word' id='word_1_242' title='bbox 784 3124 921 3188; x_wconf 84' lang='lat' dir='ltr'>exitium</span> <span class='ocrx_word' id='word_1_243' title='bbox 941 3126 1135 3207; x_wconf 88' lang='lat' dir='ltr'>poscebatur.</span> <span class='ocrx_word' id='word_1_244' title='bbox 1178 3162 1179 3203; x_wconf 58' lang='lat'>3</span> 
     </span>
     <span class='ocr_line' id='line_1_36' title="bbox 119 3208 1179 3295; baseline -0.002 -19"><span class='ocrx_word' id='word_1_245' title='bbox 119 3211 257 3294; x_wconf 87' lang='lat' dir='ltr'>Jamque</span> <span class='ocrx_word' id='word_1_246' title='bbox 269 3211 477 3276; x_wconf 89' lang='lat' dir='ltr'>vulneratum</span> <span class='ocrx_word' id='word_1_247' title='bbox 491 3209 618 3273; x_wconf 89' lang='lat' dir='ltr'>eminus</span> <span class='ocrx_word' id='word_1_248' title='bbox 631 3208 743 3273; x_wconf 69' lang='lat' dir='ltr'>lancea</span> <span class='ocrx_word' id='word_1_249' title='bbox 756 3209 872 3275; x_wconf 88' lang='lat' dir='ltr'>strictis</span> <span class='ocrx_word' id='word_1_250' title='bbox 886 3209 1003 3295; x_wconf 89' lang='lat' dir='ltr'>gladiis</span> <span class='ocrx_word' id='word_1_251' title='bbox 1015 3211 1134 3274; x_wconf 79' lang='lat' dir='ltr'>invase</span> <span class='ocrx_word' id='word_1_252' title='bbox 1178 3212 1179 3225; x_wconf 60' lang='lat'>¹</span> 
     </span>
     <span class='ocr_line' id='line_1_37' title="bbox 119 3292 1180 3380; baseline -0.004 -21"><span class='ocrx_word' id='word_1_253' title='bbox 119 3305 203 3375; x_wconf 88' lang='lat' dir='ltr'>rant,</span> <span class='ocrx_word' id='word_1_254' title='bbox 228 3296 301 3362; x_wconf 78' lang='lat' dir='ltr'>crim</span> <span class='ocrx_word' id='word_1_255' title='bbox 316 3296 497 3360; x_wconf 87' lang='lat' dir='ltr'>intercursu</span> <span class='ocrx_word' id='word_1_256' title='bbox 514 3292 739 3359; x_wconf 76' lang='lat' dir='ltr'>Tribunatum</span> <span class='ocrx_word' id='word_1_257' title='bbox 753 3295 1050 3380; x_wconf 85' lang='lat' dir='ltr'>Centurionumque</span> <span class='ocrx_word' id='word_1_258' title='bbox 1069 3313 1135 3377; x_wconf 89' lang='lat' dir='ltr'>pro·</span> <span class='ocrx_word' id='word_1_259' title='bbox 1179 3348 1180 3377; x_wconf 69' lang='lat'>,</span> 
     </span>
     <span class='ocr_line' id='line_1_38' title="bbox 118 3377 1134 3466; baseline -0.002 -22"><span class='ocrx_word' id='word_1_260' title='bbox 118 3383 252 3466; x_wconf 87' lang='lat' dir='ltr'>tegitur.</span> <span class='ocrx_word' id='word_1_261' title='bbox 289 3382 358 3445; x_wconf 92' lang='lat' dir='ltr'>Nec</span> <span class='ocrx_word' id='word_1_262' title='bbox 373 3379 476 3444; x_wconf 84' lang='lat' dir='ltr'>multb</span> <span class='ocrx_word' id='word_1_263' title='bbox 491 3377 561 3460; x_wconf 85' lang='lat' dir='ltr'>pbst</span> <span class='ocrx_word' id='word_1_264' title='bbox 572 3379 746 3443; x_wconf 86' lang='lat' dir='ltr'>Vestricius</span> <span class='ocrx_word' id='word_1_265' title='bbox 758 3381 929 3465; x_wconf 86' lang='lat' dir='ltr'>Spurinna,</span> <span class='ocrx_word' id='word_1_266' title='bbox 937 3380 1031 3462; x_wconf 91' lang='lat' dir='ltr'>jussu</span> <span class='ocrx_word' id='word_1_267' title='bbox 1041 3381 1134 3446; x_wconf 88' lang='lat' dir='ltr'>Otho·</span> 
     </span>
     <span class='ocr_line' id='line_1_39' title="bbox 117 3463 1181 3547; baseline -0.002 -18"><span class='ocrx_word' id='word_1_268' title='bbox 117 3465 180 3545; x_wconf 86' lang='lat' dir='ltr'>rtis,</span> <span class='ocrx_word' id='word_1_269' title='bbox 195 3466 309 3530; x_wconf 87' lang='lat' dir='ltr'>relicto</span> <span class='ocrx_word' id='word_1_270' title='bbox 336 3463 506 3529; x_wconf 82' lang='lat' dir='ltr'>Placentiae</span> <span class='ocrx_word' id='word_1_271' title='bbox 533 3463 659 3528; x_wconf 89' lang='lat' dir='ltr'>modico</span> <span class='ocrx_word' id='word_1_272' title='bbox 686 3466 841 3547; x_wconf 78' lang='lat' dir='ltr'>prasidio,</span> <span class='ocrx_word' id='word_1_273' title='bbox 865 3487 941 3532; x_wconf 91' lang='lat' dir='ltr'>curn</span> <span class='ocrx_word' id='word_1_274' title='bbox 955 3467 1133 3532; x_wconf 89' lang='lat' dir='ltr'>cohortibus</span> <span class='ocrx_word' id='word_1_275' title='bbox 1180 3478 1181 3503; x_wconf 63' lang='lat'>¹</span> 
     </span>
     <span class='ocr_line' id='line_1_40' title="bbox 116 3546 1131 3637; baseline 0.007 -25"><span class='ocrx_word' id='word_1_276' title='bbox 116 3550 280 3614; x_wconf 88' lang='lat' dir='ltr'>subvenit.</span> <span class='ocrx_word' id='word_1_277' title='bbox 324 3549 407 3613; x_wconf 89' lang='lat' dir='ltr'>Dein</span> <span class='ocrx_word' id='word_1_278' title='bbox 425 3546 582 3611; x_wconf 88' lang='lat' dir='ltr'>Flavium</span> <span class='ocrx_word' id='word_1_279' title='bbox 607 3549 774 3628; x_wconf 87' lang='lat' dir='ltr'>Sabinum,</span> <span class='ocrx_word' id='word_1_280' title='bbox 801 3552 979 3615; x_wconf 84' lang='lat' dir='ltr'>Consulem</span> <span class='ocrx_word' id='word_1_281' title='bbox 993 3552 1131 3637; x_wconf 85' lang='lat' dir='ltr'>designa·</span> 
     </span>
     <span class='ocr_line' id='line_1_41' title="bbox 114 3631 1182 3773; baseline 0.006 -80"><span class='ocrx_word' id='word_1_282' title='bbox 114 3641 196 3711; x_wconf 89' lang='lat' dir='ltr'>tum,</span> <span class='ocrx_word' id='word_1_283' title='bbox 207 3632 293 3696; x_wconf 91' lang='lat' dir='ltr'>Otho</span> <span class='ocrx_word' id='word_1_284' title='bbox 308 3641 464 3697; x_wconf 85' lang='lat' dir='ltr'>rectorem</span> <span class='ocrx_word' id='word_1_285' title='bbox 477 3631 578 3713; x_wconf 88' lang='lat' dir='ltr'>copiis</span> <span class='ocrx_word' id='word_1_286' title='bbox 592 3633 688 3714; x_wconf 80' lang='lat' dir='ltr'>misit,</span> <span class='ocrx_word' id='word_1_287' title='bbox 699 3635 817 3718; x_wconf 87' lang='lat' dir='ltr'>quibus</span> <span class='ocrx_word' id='word_1_288' title='bbox 828 3636 936 3701; x_wconf 87' lang='lat' dir='ltr'>Macer</span> <span class='ocrx_word' id='word_1_289' title='bbox 947 3637 1128 3721; x_wconf 66' lang='lat' dir='ltr'>prefuerat3</span> <span class='ocrx_word' id='word_1_290' title='bbox 1179 3664 1182 3773; x_wconf 66' lang='lat' dir='ltr'>p</span> 
     </span>
    </p>
   </div>
   <div class='ocr_carea' id='block_1_4' title="bbox 1179 3778 1183 3921">
    <p class='ocr_par' dir='ltr' id='par_1_10' title="bbox 1179 3778 1183 3921">
     <span class='ocr_line' id='line_1_42' title="bbox 1179 3778 1183 3881; baseline 0 0"><span class='ocrx_word' id='word_1_291' title='bbox 1179 3778 1183 3881; x_wconf 89' lang='lat' dir='ltr'>l</span> 
     </span>
     <span class='ocr_line' id='line_1_43' title="bbox 1180 3884 1183 3921; baseline 0 0"><span class='ocrx_word' id='word_1_292' title='bbox 1180 3884 1183 3921; x_wconf 94' lang='lat' dir='ltr'>l</span> 
     </span>
    </p>
   </div>
   <div class='ocr_carea' id='block_1_5' title="bbox 0 0 1200 4050">
    <p class='ocr_par' dir='ltr' id='par_1_11' title="bbox 0 0 1200 4050">
     <span class='ocr_line' id='line_1_44' title="bbox 0 0 1200 4050; baseline 0 1"><span class='ocrx_word' id='word_1_293' title='bbox 0 0 1200 4050; x_wconf 95' lang='lat' dir='ltr'> </span> 
     </span>
    </p>
   </div>
  </div>
 </body>
</html>
