2392 4050
284 229 334 279 ns
347 211 584 282 Omoemus
598 213 793 283 Duuoous.
986 213 1055 284 κθ

31 387 91 464 get,
108 398 142 443 se
156 379 267 464 ipsum
282 381 399 463 colere,
420 402 520 449 suurn
533 383 669 472 genium
683 383 866 469 propitiare,
887 392 983 450 susm
997 405 1053 453 ex·

31 465 118 544 periri
138 465 391 531 liberalitatem?
434 469 559 550 Adjioe²
581 469 670 553 quod
691 471 805 553 politis,
827 470 856 532 si
872 468 970 534 modo
982 470 1053 556 dig·

31 564 105 613 num
116 549 241 631 aliquid
256 550 421 616 elaborare
434 562 468 615 et
481 555 606 618 efficere
621 553 734 634 velint,
749 553 963 637 relinquenda
977 574 1054 619 con·

32 633 161 697 versatio
178 634 361 699 amicorum
375 645 408 697 et
427 634 618 716 jucundius
634 638 735 719 urbis,
756 638 935 702 deserendo
948 648 1057 703 cetere

34 716 140 796 officis,
162 728 267 800 utque
283 717 345 799 ipsi
361 718 484 800 dicunt,
508 722 548 785 in
567 741 706 786 nemore
721 731 755 787 st
767 723 866 801 lucos,
890 720 995 803 idest,
1017 720 1054 788 iu
1177 792 1178 803 ¹

32 799 233 864 solitudinem
246 801 467 868 secedendum
479 815 537 868 est

70 884 112 947 X.
134 885 184 948 Ne
201 878 316 968 opinio
336 886 471 968 quidem
495 898 527 951 et
551 888 648 967 fama,-
674 888 732 954 cui
754 883 816 954 soli
837 886 996 973 serviunt,
1021 900 1055 956 et

32 966 111 1047 quod
122 986 312 1041 unum-esse
323 971 466 1052 pretium
476 972 581 1037 onmis
596 973 649 1036 sui
663 972 782 1038 laboris
796 974 945 1056 fatentur,
954 980 1053 1057 teque

32 1055 239 1135 posteaquam
250 1064 394 1120 oratores
405 1057 570 1139 sequitur:
590 1056 749 1139 quonism
758 1057 934 1124 mediocres
944 1063 1055 1143 poetes

33 1150 121 1200 nemo
137 1137 240 1217 novit,
262 1139 368 1204 bonos
388 1140 496 1223 pauci.
541 1140 688 1212 Quando
708 1140 799 1205 euim
817 1142 1056 1210 rarissimarum

33 1219 251 1291 recitationum
265 1221 355 1286 same
375 1223 412 1286 in
432 1233 532 1288 totum
552 1226 860 1313 urbemfpenetrstt
882 1226 1003 1291 nedum
1016 1237 1055 1292 nt

32 1317 83 1382 per
94 1313 139 1367 tot
154 1306 341 1387 provincius
363 1307 552 1373 innotescat.
598 1311 732 1379 Quotus
753 1307 901 1391 quisque,
923 1313 998 1374 cum
1010 1330 1062 1375 ex·

34 1385 193 1470 Hispaniis,
213 1392 268 1456 vel
285 1391 374 1471 Asis,
396 1391 532 1474 nequid
551 1393 592 1457 de
615 1393 721 1458 Gallis
735 1392 852 1458 nostris
873 1394 1055 1478 loquemur,

33 1467 186 1539 inurbem
200 1475 302 1555 venit,
318 1476 466 1541 Saleium
478 1477 617 1542 Bassum
632 1477 792 1562 requiritl
819 1488 916 1561 utque
930 1478 1011 1543 oded
1024 1479 1055 1543 si
1134 1489 1138 1495 '

33 1554 100 1634 quis
111 1558 256 1640 requirit,
280 1571 318 1622 ut
331 1561 431 1625 semel
446 1559 537 1639 vidit,
559 1563 675 1625 transit
688 1570 721 1624 ct
740 1571 913 1629 contentus
926 1574 995 1648 ειη
1016 1574 1055 1630 ut
1177 1586 1178 1595 ¹

34 1636 58 1698 si
71 1639 229 1720 picturam
250 1644 396 1726 aliquam
408 1645 462 1708 vel
484 1654 626 1711 statuam
639 1643 784 1708 vidisset.
827 1645 942 1728 Neque
962 1647 1055 1712 hunc

35 1735 137 1788 meum
157 1747 344 1792 sermonem
368 1727 417 1791 sic
439 1728 544 1810 accipi
563 1729 649 1807 volo,
672 1736 828 1810 tanquam
848 1747 914 1806 eos,
934 1731 1055 1812 quibus
1177 1776 1178 1785 η

35 1815 142 1871 notura
161 1831 223 1875 sue
249 1810 426 1876 oratorium
446 1813 618 1897 ingenium
640 1811 822 1897 denegavit,
843 1810 1021 1877 deterream
1035 1834 1057 1877 s

36 1894 233 1978 carminibus,
261 1896 289 1959 si
312 1895 410 1961 modo
433 1896 470 1960 in
496 1897 558 1961 hac
579 1895 763 1960 studiorum
787 1905 879 1978 parte
897 1897 1058 1960 oblectere
1177 1886 1178 1909 ¹

37 1973 130 2042 otium
143 1987 176 2042 et
188 1999 313 2045 nomen
327 1981 468 2046 inserere
478 1991 615 2063 possunt
628 1980 742 2045 same:
763 1998 824 2068 ego
834 1979 913 2044 vero
926 1999 1059 2048 omnem

37 2058 249 2142 eloquentiam
268 2084 444 2148 omnesque
466 2066 538 2147 ejus
560 2075 666 2150 partes
689 2075 842 2134 moreest
855 2064 1059 2130 venerabiles
1177 2071 1178 2096 l

37 2152 127 2220 puto:
148 2167 211 2214 nec
224 2152 332 2214 solum
346 2152 544 2215 cothurnum
558 2160 712 2230 vestrim,
735 2159 792 2214 eut
806 2149 929 2215 heroici
942 2150 1058 2216 cormi-

38 2224 84 2288 nis
95 2247 222 2313 sonum,
239 2234 302 2297 'sed
317 2234 495 2316 lyricorum
507 2253 637 2318 quoqne
656 2232 895 2314 jucunditatem
906 2245 939 2298 et
951 2235 1059 2321 elego·

39 2325 106 2377 rum
125 2317 280 2383 lascivius
293 2327 326 2382 et
339 2318 521 2384 iamborum
541 2317 789 2384 amaritudinem
802 2327 834 2381 et
846 2320 1061 2403 epigramma·

39 2400 103 2460 tum
116 2400 209 2469 lusus
225 2412 257 2468 et
270 2422 512 2486 quemcumque
533 2401 633 2468 elium
646 2401 788 2486 speciem
801 2402 987 2484 eloquentie
1001 2403 1059 2466 hc·

40 2474 114 2562 beet,
126 2487 389 2572 anteponendam
397 2487 511 2566 ceteris
520 2488 663 2551 alierum
675 2486 797 2551 artium
809 2485 925 2551 studiis
938 2485 1056 2566 credo}

41 2562 91 2626 Std
104 2575 210 2637 mcum
224 2571 316 2652 mihi,
340 2572 496 2650 Materne,
519 2591 570 2637 res
584 2580 642 2651 est,
662 2569 760 2654 quod,
783 2571 860 2658 crim
871 2581 989 2636 notura
1001 2582 1060 2637 tua
1177 2589 1178 2596 ¹

41 2641 72 2710 in
81 2649 181 2733 ipsam
195 2675 305 2728 arcem
314 2655 508 2738 eloquentiae
523 2665 555 2719 te
567 2655 660 2736 feret,
673 2675 780 2721 errare
791 2656 905 2735 mavis,
918 2665 959 2733 et,
972 2675 1060 2723 sum·

41 2744 90 2795 ms
102 2737 246 2823 adeptus,
261 2739 296 2804 in
308 2740 485 2805 leuioribus
498 2741 656 2806 subsistis.
700 2740 755 2821 Ut,
768 2742 797 2806 si
810 2741 845 2805 irr
861 2741 989 2805 Graecid
1003 2761 1060 2808 na·
1177 2725 1178 2750 ¹

40 2819 88 2880 tus
99 2839 192 2905 esses,
202 2826 260 2892 ubi
272 2824 414 2888 ludicras
423 2844 552 2910 quoque
561 2836 645 2891 artes
658 2843 809 2892 exercere
817 2827 992 2894 honesturn
1001 2837 1059 2907 est,

43 2914 77 2962 ac
89 2904 145 2969 tibi
159 2907 334 2974 Nicostrati
357 2911 455 2973 robur
470 2930 509 2974 ac
522 2911 610 2974 sires
625 2909 682 2974 Dii
696 2908 869 2989 dedissent,
891 2929 957 2973 non
974 2918 1060 2992 pste-

38 2988 88 3074 'ter
101 2988 257 3060 immanes
280 2994 354 3058 illos
376 3003 409 3056 et
432 2993 474 3056 ed
496 3012 642 3081 pugnam
663 3004 757 3058 natos
779 2996 916 3059 lacertos
930 2993 1061 3056 levitate

41 3075 135 3161 loculi
148 3071 204 3143 aut
223 3077 314 3160 jactu
337 3076 419 3142 disci
439 3096 634 3141 vanescere:
657 3077 705 3139 sic
723 3094 815 3144 nunc
836 3085 867 3140 te
885 3077 927 3139 ab
939 3075 1062 3141 audito-

45 3152 94 3216 nis
107 3171 138 3223 et
152 3164 286 3229 theatris
310 3162 345 3228 in
365 3161 474 3225 sorum
492 3170 525 3224 et
547 3161 589 3224 ad
611 3179 727 3226 cousus
739 3170 773 3225 et
787 3160 831 3225 ul
851 3179 930 3224 vera
949 3161 1064 3244 prelis
1084 3201 1089 3206 -
1157 3185 1161 3190 ’

45 3251 120 3304 voco
132 3268 141 3329 ;
163 3254 236 3313 cum
250 3238 429 3331 presertim
448 3264 490 3308 ne
505 3243 547 3308 nd
561 3244 595 3309 id
609 3244 743 3328 quidem
760 3244 935 3334 confugere
949 3247 1062 3329 possis,

46 3326 124 3399 quod
143 3333 304 3417 plerisque
327 3331 555 3415 patrocinetur,
577 3339 734 3412 tanquam
756 3329 863 3396 minius
883 3331 1066 3398 obnoxium
1177 3371 1178 3380 κ

46 3403 83 3468 sit
96 3415 222 3482 offense
247 3420 428 3499 poetarum,
449 3422 549 3499 quom
573 3425 740 3486 oratorum
762 3416 916 3482 studium.
960 3417 1066 3484 Effer·

46 3496 139 3562 tescit
152 3503 241 3567 onim
254 3500 307 3564 vis
318 3500 545 3584 pulcherrirnae
555 3510 683 3565 *nature
698 3515 763 3566 tuoe
779 3522 789 3581 3
809 3521 872 3566 nec
885 3520 944 3584 pro
960 3501 1066 3564 emico

47 3573 156 3665 aliquo,
177 3584 243 3665 sed,
265 3585 353 3667 quod
373 3583 587 3667 periculosius
602 3596 659 3664 est,
681 3604 739 3667 pro
767 3586 889 3650 Catone
909 3580 1067 3643 offendis:

46 3673 100 3728 ¹¹00
112 3681 287 3736 excusatur
300 3669 424 3734 offensa
438 3670 676 3734 necessitudine
690 3666 799 3745 officii,
822 3674 879 3727 aut
891 3662 957 3730 fide
971 3660 1069 3722 advo·
