2392 4050
45 216 197 340 most]
309 213 758 291 stainahamma.
974 221 1037 287 143

41 391 198 455 onerabant
211 390 348 456 ministri
370 391 504 457 avaritiis
525 411 563 456 ao
584 392 677 474 luxu,
699 410 792 456 senes
806 402 863 457 aut
875 389 1037 459 invalidos

41 476 249 558 conquirendo,
272 497 353 561 quos
377 478 480 561 pretio
503 476 718 546 dimitterent:
740 496 854 542 rursus
878 477 1035 561 impubes,

40 560 86 624 sed
98 561 194 627 foruit
206 563 374 647 conspicui
389 566 435 650 (et
448 574 495 628 est
508 564 669 647 plerisque
684 582 817 646 procera
829 564 981 650 pueritia)
995 566 1037 630 ad

39 656 169 729 stuprum
180 650 394 716 trahebantur.
438 648 527 713 Hine
547 648 689 713 invidia:
711 658 742 712 et
758 649 941 733 composita
955 649 1040 714 sedi·

39 732 118 796 tionis
132 744 276 798 auctores
289 733 527 817 perpulerant
542 729 704 799 delectum
719 737 905 802 abnuerent.
949 735 1038 800 etvi-

39 817 71 879 lis
90 819 238 901 primores
260 819 365 905 gentis
386 829 418 883 et
439 821 670 903 promtissimus
683 821 785 907 vulgi,
807 820 913 904 specie
927 822 1039 905 epula·

36 918 103 984 rum,
117 924 242 969 ssorum
254 906 291 969 in
305 924 420 969 nemus
435 915 574 986 vocatos,
596 906 654 971 ubi
664 917 759 971 nocte
773 926 812 971 ao
826 905 935 973 latitat
949 906 1037 972 inca·

36 986 119 1054 luisse
137 991 232 1072 videt,
256 1011 277 1054 a
298 990 394 1054 laude
415 992 589 1077 glorieque
603 989 708 1078 gantis
728 1011 829 1073 orsus,
851 990 985 1073 injurias
1002 1002 1037 1056 et

36 1086 129 1157 raptus
148 1087 179 1140 et
200 1088 306 1141 uetera
328 1076 450 1141 servitii
470 1078 556 1141 mala
577 1088 752 1142 enumerat.
797 1077 928 1160 ‘Neque
948 1077 1035 1144 enim

35 1160 207 1243 scientem,
224 1172 261 1227 ut
275 1160 362 1240 olim,
378 1164 434 1225 sed
445 1173 599 1247 tanquam
610 1162 772 1246 mancipia
781 1163 912 1227 haberi:
934 1182 1034 1246 quan-

34 1243 68 1307 do
80 1247 243 1332 Legatum,
263 1247 355 1334 gravi
369 1248 501 1330 quidem
521 1248 674 1312 comitatu
690 1259 722 1312 et
734 1248 871 1332 superbo
886 1267 963 1313 cum
976 1249 1034 1313 im·

33 1331 113 1414 perio,
127 1333 266 1397 reniret
287 1331 367 1397 tradi
379 1352 413 1395 se
423 1333 585 1407 Praefeetis
598 1333 931 1418 Centurionibusque:
953 1353 1035 1430 quos

33 1416 78 1478 ubi
96 1418 202 1501 spoliis
224 1427 258 1480 et
281 1419 440 1513 sanguine
463 1420 671 1503 expleverint,
694 1415 821 1499 mutari,
843 1419 1035 1503 exquirique

32 1515 119 1567 novos
136 1504 229 1569 sinus
243 1513 276 1566 et
289 1522 381 1567 vana
402 1504 564 1587 praedandi
584 1505 751 1570 vocabula.
795 1505 917 1569 Instare
931 1504 1035 1570 deleo·

32 1593 96 1669 tum,
110 1609 174 1672 quo
189 1589 284 1654 liberi
299 1608 319 1652 a
333 1591 527 1671 parentibus,
541 1590 655 1654 fratres
669 1611 689 1653 a
702 1589 862 1671 fratribus,
878 1592 968 1655 velut
980 1610 1035 1654 su·

32 1687 164 1821 Remum
192 1673 390 1739 dividantur.
448 1677 626 1759 Nunquam
654 1675 755 1762 magis
783 1676 936 1740 afflictam
964 1694 1036 1740 rem

70 1778 204 1843 marram,
220 1780 283 1824 nea
293 1758 383 1823 aliud
393 1760 428 1823 in
439 1761 603 1845 hybernis,
617 1762 715 1844 quam
726 1760 868 1845 praedam
881 1769 913 1823 et
923 1779 1034 1824 senes:

32 1845 192 1910 attollerent
207 1849 333 1909 tantum
351 1846 462 1911 oeulos
476 1858 508 1910 et
520 1846 633 1911 inania
655 1846 822 1933 legionum
838 1844 972 1909 nomina
992 1865 1035 1910 ne

32 1942 232 2008 pascerent.
276 1932 320 1994 At
341 1931 401 1995 sibi
426 1933 524 1996 robur
547 1930 692 2016 peditum
710 1931 936 2015 equitumque:
959 1949 1034 1995 oon·

32 2018 209 2102 sanguineos
227 2017 424 2081 Germanas:
449 2017 573 2082 Gallias
595 2015 683 2082 idem
703 2017 887 2101 cupientes:
909 2035 951 2080 ne
970 2014 1034 2079 na

32 2103 117 2167 nanis
131 2104 268 2187 quidem
282 2103 447 2188 ingratum
460 2103 494 2166 id
508 2104 639 2185 bellum,
663 2102 759 2185 eujus
774 2102 957 2189 ambiguam
971 2102 1033 2167 for·

32 2196 125 2335 aggai
145 2187 346 2273 Vespasiano
367 2187 599 2272 imputaturus:
622 2189 766 2254 victoria
788 2188 945 2255 rationem
964 2207 1032 2254 non

32 2287 53 2331 re
94 2274 122 2337 i.’
833 2318 836 2325 .

60 2359 125 2424 XV.
149 2358 274 2445 Magno
294 2376 371 2423 oum
387 2376 519 2427 assensu
537 2359 676 2442 auditus,
699 2359 833 2424 barbaro
852 2358 917 2424 ritu
934 2367 966 2422 et
978 2378 1033 2442 pa-

32 2441 82 2506 riis
94 2443 351 2510 execrationibus
362 2444 533 2509 universos
552 2445 661 2531 adigit.
704 2444 796 2509 Missi
816 2443 858 2507 ad
872 2444 1033 2509 Cannine-

32 2523 103 2611 t'ates¹
116 2530 176 2614 qui
190 2530 327 2596 consilia
340 2530 507 2595 sociarent.
551 2530 604 2594 Ea
616 2548 697 2616 gens
710 2540 832 2613 partem
845 2528 960 2593 iusnlae
981 2549 1034 2594 eo·

32 2610 63 2692 it,
76 2616 210 2702 origine,
227 2615 350 2700 lingui,
358 2613 487 2694 virtute,
500 2634 556 2698 par
568 2615 698 2680 Batavis
712 2637 720 2697 3
735 2633 871 2679 numero
882 2634 1033 2704 superan-

32 2712 77 2763 ur.
118 2701 201 2765 Mox
224 2701 360 2765 occultis
383 2700 508 2766 nuntiis
533 2701 665 2800 pellexit
686 2700 873 2766 Britannica
897 2701 1031 2784 auxilia,

32 2781 211 2852 latavomm
225 2786 379 2866 cohortes,
402 2785 515 2850 missas
532 2805 566 2851 rn
587 2787 803 2868 Germaniam,
824 2796 862 2850 ut
875 2789 972 2872 supra
985 2807 1033 2853 re·

32 2869 156 2953 alimus,
180 2890 220 2935 ae
234 2881 305 2937 tuni
325 2871 519 2958 Magantiaoi
539 2882 678 2958 egenus.
721 2873 802 2937 Erat
816 2872 851 2934 iu
872 2873 1033 2937 Cannine-

32 2951 131 3020 'atibus
147 2956 274 3021 stolidae
288 2956 430 3021 audaciae
452 2956 583 3036 Brinno,
606 2958 749 3022 claritate
763 2956 921 3021 natalium
935 2957 995 3021 ins'
1019 2993 1032 3005 -

32 3039 71 3102 ri:
91 3051 183 3126 pater
198 3042 279 3123 ejus,
305 3044 406 3107 multa
420 3041 550 3106 hostilia
562 3062 671 3124 ausus,
695 3041 892 3107 Gaianarum
904 2977 1034 3126 expedi·

32 3124 141 3191 ionum
156 3126 333 3192 ludibrium
342 3127 476 3211 impune
487 3134 663 3210 spreverat:
702 3127 806 3214 Igitur
820 3126 889 3211 ipso
904 3128 1033 3193 rebellis

32 3207 146 3276 amiliae
162 3213 295 3277 nornine
308 3215 436 3296 placuit,
452 3213 683 3295 impositusque
702 3221 802 3292 scuto,
818 3231 905 3277 more
918 3213 1032 3299 gentis,

32 3303 48 3356 a
59 3299 293 3371 sustinentium
308 3297 455 3367 humeris
478 3298 631 3377 vibratus,
659 3300 738 3364 Dux
758 3297 919 3389 deligitur.
962 3300 1033 3364 Sta·

31 3379 136 3463 imque
152 3383 264 3447 accitis
279 3383 391 3448 Frisiis
405 3384 653 3470 (transrhenana
665 3404 744 3470 gens
755 3384 816 3466 est)
827 3386 968 3449 duarum
980 3406 1033 3450 eo·

32 3466 160 3533 tortium
180 3469 334 3552 hyberna,
357 3469 505 3553 proxima
529 3486 697 3553 occupatu,
721 3470 851 3534 Oceano
873 3469 1032 3553 irrumpit.

32 3548 84 3614 leo
99 3554 316 3635 pranderunt
338 3554 493 3638 impetum
508 3554 649 3619 hostiurn
662 3554 802 3639 milites3
825 3574 895 3634 neo,
913 3554 941 3616 si
956 3575 1033 3636 pra-

32 3634 181 3719 ndissent,
204 3640 280 3705 satis
292 3641 415 3706 virium
436 3639 477 3704 ad
497 3639 675 3704 arcendum
696 3651 773 3704 erat.
817 3641 917 3719 Capta
934 3638 1034 3782 ipsun

32 3729 47 3784 t
59 3722 188 3810 direpta
201 3737 322 3793 castra:
345 3724 420 3791 dein
431 3743 539 3812 vagos,
554 3734 586 3789 et
599 3724 688 3809 pacis
699 3724 795 3790 modo
808 3721 936 3799 effusos,
963 3735 1035 3781 axos
