2392 4050
1090 253 1221 320 255

1111 765 1193 807 DE

758 878 1548 980 oaATo‘Rinus

1082 1100 1222 1140 etv:

138 1241 270 1316 DF..
339 1204 711 1312 CAUSIS
763 1239 1368 1308 coRRUPTAE
1431 1239 2181 1346 eLoauEN'mAE

800 1404 1510 1497 DIALOGUS'.

908 1722 1402 1797 eanvunmu.

134 1895 249 1960 Gap.
273 1903 315 1948 1.
338 1901 531 1960 Dialogi
544 1901 753 1949 occasio.
807 1901 855 1947 2.
880 1901 927 1948 3.
951 1898 1364 1950 contabulationis
1381 1913 1738 1963 argumentum.
1793 1905 2061 1954 Curiatium
2075 1902 2186 1955 Ma·

193 1971 395 2022 ternum,
423 1981 488 2013 ex
509 1973 694 2013 oratore
716 1964 929 2026 poetam,
946 1964 1019 2012 Μ.
1037 1967 1175 2026 Aper
1184 1974 1361 2022 orator,
1377 1968 1543 2026 judice
1562 1969 1694 2016 Julio
1715 1968 1957 2024 Secundo,
1991 1983 2020 2015 a
2037 1969 2187 2030 poeti-

192 2028 261 2075 cis
282 2031 453 2077 studiis
474 2044 683 2079 avocare
705 2037 875 2077 tentat.
941 2031 990 2075 4.
1024 2030 1280 2078 Maternus
1293 2032 1585 2080 sanctiorem
1598 2047 1653 2080 se
1668 2034 1992 2091 eloquentiam
2010 2034 2188 2081 sectari

191 2094 450 2149 profitetur.
519 2094 660 2139 5—7.
707 2092 863 2139 Instat
889 2093 1040 2152 Aper,
1076 2101 1127 2139 et
1162 2096 1384 2154 oratoria=
1414 2096 1528 2142 artis
1559 2096 1831 2153 utilitatem,
1867 2098 2184 2155 voluptatem,

190 2153 471 2213 dignitatem
492 2157 719 2213 celebrat,
748 2157 891 2215 idque
913 2157 958 2203 8.
991 2156 1213 2204 Marcelli
1240 2157 1371 2218 Eprii
1393 2166 1444 2206 et
1465 2158 1619 2219 Crispi
1639 2157 1767 2206 Vibii
1788 2160 2022 2220 exemplis
2059 2171 2191 2209 com·

195 2220 389 2277 probat3
426 2222 470 2267 9.
505 2218 673 2267 contra
701 2221 917 2267 carmina
944 2219 1175 2278 dignitate
1204 2229 1256 2268 et
1285 2222 1490 2270 utilitate
1513 2223 1724 2280 destitui,
1759 2237 1853 2271 nec
1874 2225 1966 2270 nisi
1988 2223 2185 2273 laudem

193 2281 385 2329 inanem
408 2283 523 2330 dare
540 2291 591 2329 et
611 2284 841 2341 gaudium
862 2283 1075 2331 volucre.
1143 2282 1313 2331 Laude
1327 2285 1522 2343 dignam
1544 2301 1655 2333 esse
1675 2286 1966 2347 Vespasiani
1988 2286 2189 2334 liberali-

196 2350 342 2393 tatem
362 2348 416 2394 in
436 2354 603 2394 vatem
632 2344 846 2394 Saleium
875 2346 1117 2404 Bassum3
1148 2348 1394 2406 pulchrius
1429 2356 1592 2396 tamen
1620 2364 1751 2405 esse,
1782 2350 1872 2395 sibi
1897 2350 1988 2408 ipsi
2010 2350 2188 2409 prospi-

196 2420 304 2455 cere
325 2418 376 2456 et
399 2422 543 2457 suum
573 2412 769 2469 genium
790 2412 1059 2470 propitiare.
1127 2410 1243 2457 Nec·
1257 2412 1517 2469 voluptatis
1530 2413 1788 2471 quicquam
1808 2413 2023 2471 praebere
2037 2412 2190 2471 poeti·

195 2482 317 2529 cam,
350 2473 527 2537 quippe
548 2475 739 2521 vatibus
770 2476 816 2521 in
850 2474 1153 2523 solitudinem
1176 2474 1238 2521 sit
1259 2474 1601 2531 secedendum,
1641 2476 1716 2522 10.
1750 2483 1856 2521 tum
1877 2474 2048 2535 poetas
2071 2489 2186 2524 esse

196 2536 389 2583 offensis
411 2538 661 2585 obnoxios.
727 2538 1008 2585 Maternum
1029 2538 1224 2596 proinde
1250 2536 1432 2588 rec-tius
1452 2546 1692 2595 totunm,
1715 2539 1758 2588 si
1779 2539 1842 2585 ab
1871 2538 2114 2587 auditoriis
2135 2546 2188 2588 et

198 2598 394 2647 theatris
416 2601 464 2647 in
485 2602 642 2648 forum
662 2609 713 2649 et
732 2602 795 2648 ad
817 2615 995 2649 causas
1018 2601 1200 2648 redeat.
1478 2599 1483 2603 ’
1744 2613 1748 2618 ’

146 2658 336 2709 11—13.
370 2663 627 2724 Maternus
662 2664 848 2723 contra,
883 2664 1085 2725 poeticae
1120 2664 1332 2713 studium
1368 2663 1678 2713 securitatem
1710 2672 1940 2725 praestare
1973 2672 2025 2711 et
2053 2665 2190 2712 inno-

198 2728 423 2784 centiam,
452 2728 684 2785 majorem
718 2743 911 2790 quoque
944 2730 1161 2788 gloriam,
1194 2728 1343 2788 quam
1378 2731 1580 2779 sorensis
1611 2730 1746 2776 labor
1774 2730 2027 2786 concedat,
2060 2727 2190 2788 quod

199 2790 329 2837 aurei
350 2792 516 2838 saculi
545 2790 767 2852 exemplo
788 2800 993 2840 constet.
1060 2792 1370 2853 Voluptatem
1403 2808 1542 2854 porro
1564 2795 1804 2853 puriorem
1830 2794 2000 2840 afferre
2023 2791 2187 2840 seces·

126 2895 142 2910 ,
194 2864 303 2900 sum
324 2855 374 2901 in
390 2868 588 2901 nemora
602 2863 652 2901 et
665 2857 817 2913 lucos,
850 2855 998 2915 quam
1020 2858 1390 2915 sanguinantem
1405 2858 1745 2915 eloquentiam.
1812 2856 1992 2904 Dches
2013 2854 2192 2903 Musa·

199 2928 426 2964 revocare
447 2931 563 2966 suos
585 2920 793 2966 cultores
815 2934 846 2966 a
868 2920 1244 2967 solicitudinibus
1266 2928 1317 2968 et
1338 2922 1483 2967 curis.

146 2974 214 3022 14.
248 2978 535 3040 Supervenit
567 2982 831 3042 Vipstanus
865 2982 1101 3030 Messala.
1187 2982 1256 3040 Is,
1289 2985 1590 3041 antiquorum
1627 2981 1899 3034 admiratur,
1935 2986 2116 3038 Aprum
2156 2994 2188 3026 s.

199 3054 430 3091 novorum
464 3044 707 3093 rhetorum
754 3060 890 3093 more
926 3046 989 3091 ad
1022 3052 1241 3091 veterem
1275 3046 1480 3091 sormam
1511 3045 1707 3090 trahere
1735 3044 1911 3090 nititur.
1987 3042 2188 3090 lca—215.

199 3105 329 3165 Aper
350 3121 620 3166 repugnans
640 3116 807 3155 movet
828 3108 1162 3167 quaestionem,
1196 3108 1392 3165 quinam
1411 3115 1626 3153 oratores
1646 3106 1851 3151 vocandi
1875 3110 1963 3150 sint
1991 3106 2184 3162 antiqui.

199 3164 303 3216 Hos
323 3179 613 3217 venerantur
645 3171 882 3227 Messala,
917 3170 1187 3226 Secundus,
1222 3168 1491 3217 Maternus.
1557 3169 1692 3227 Aper
1716 3170 1875 3215 sacnti
1911 3170 1983 3214 ,uui
2028 3178 2188 3227 partes

199 3236 375 3290 tuetur,
398 3247 490 3279 nec
510 3242 703 3282 veteres
724 3250 838 3282 esse
859 3232 1087 3280 dicendos
1112 3232 1314 3291 judicat,
1338 3246 1459 3291 quos
1479 3231 1742 3279 eorundem
1764 3234 2010 3279 huminum
2044 3247 2188 3279 aures

200 3306 463 3353 agnoscere
484 3299 739 3361 potuen'nt.
802 3297 1088 3345 Ciceronem
1120 3304 1169 3343 et
1192 3303 1484 3352 coetaneos,
1519 3294 1618 3343 sere
1639 3297 1690 3343 in
1720 3299 1877 3344 medin
1899 3299 2092 3355 pissime,
2128 3299 2192 3343 uh

203 3360 498 3418 antiquorum
531 3361 731 3408 asseclis
768 3362 874 3408 istis
912 3362 1175 3409 accenseri.
1243 3358 1300 3407 In
1333 3360 1391 3406 iis
1421 3360 1502 3418 qui
1538 3356 1774 3407 'vocentur
1795 3363 1991 3419 antiqui,
2028 3363 2188 3423 plumes

200 3419 487 3481 deprehendi
508 3424 715 3483 species,
746 3439 839 3471 nec
860 3438 1013 3473 unum
1042 3438 1154 3471 esse
1189 3423 1475 3481 eloquentie
1505 3424 1709 3471 vultum.
1775 3423 2076 3483 Malignitate
2103 3427 2188 3467 hu-

203 3486 347 3534 mana
365 3494 535 3534 vetera
553 3488 603 3534 in
626 3488 787 3545 laude,
808 3489 1063 3547 praesentia
1090 3488 1139 3534 in
1159 3487 1349 3534 fastidio
1368 3502 1498 3535 esse.
1570 3490 1645 3536 19.
1680 3488 1907 3535 Cassium
1930 3487 2188 3555 Severum,

204 3560 345 3604 quem
364 3551 620 3597 terminum
641 3552 933 3609 antiquitatis
963 3553 1272 3607 constituant,
1294 3565 1327 3597 a
1351 3559 1520 3599 vetere
1547 3551 1744 3598 flexisse
1759 3551 1844 3597 via
1863 3563 1957 3595 non
1980 3546 2189 3603 inscitia,

204 3612 290 3657 ted
312 3613 491 3671 judicio
512 3621 561 3660 et
582 3614 859 3672 intellectu3
890 3628 1006 3663 cum
1024 3616 1296 3663 conditione
1316 3622 1587 3674 temporum
1609 3628 1668 3659 ac
1688 3612 1966 3681 diversitate
2000 3606 2192 3654 aurium·

206 3673 402 3723 sormam
423 3691 614 3737 quoque
642 3678 868 3725 orationis
888 3679 1038 3725 fuisse
1058 3676 1357 3725 mutandam.
1422 3677 1503 3721 20.
1535 3674 1694 3719 Variis
1717 3678 1953 3718 scatuisse
1969 3667 2188 3731 veterem

198 3736 516 3802 eloquentiam
534 3742 679 3791 vitiis.
723 3740 1010 3791 Auditorum
1031 3751 1260 3788 coronam
1281 3737 1478 3795 exigere
1502 3736 1608 3793 jam
1629 3732 1857 3781 letiorem
1877 3736 1929 3775 et
1947 3723 2184 3785 pulchrio-
