2392 4050
956 0 959 1 ?
1026 76 1063 111 h

4 17 251 421 παθη
281 314 285 317 .
379 256 531 323 Hannon.
546 254 626 323 nra.
641 255 793 322 Pa1ucs.
1053 256 1097 319 25

19 472 24 487 ·
75 431 146 495 lum
166 431 201 495 id
215 429 323 510 scires,
339 428 526 495 deteriorem
546 428 623 510 fore,
646 427 704 511 qui
718 428 865 492 vicisset!
908 428 1020 509 Erant,
1040 429 1100 513 qui
1172 434 1174 493 l

19 532 25 649 Ι
75 516 314 599 Vespasianum
328 526 360 579 et
374 536 463 579 arma
477 515 619 580 Orientis
634 524 868 601 augurareutur
910 525 950 591 ct,
971 525 1008 580 ut
1021 515 1101 598 poti·

75 621 111 666 or
126 612 265 685 utroque
276 601 500 684 Vespasianus,
511 601 556 664 ita
564 601 687 664 bellurn
696 598 786 665 aliud
797 610 891 683 atque
922 601 981 664 lias
993 601 1101 665 clades

20 692 21 707 ³
77 669 286 781 horrebant)
302 687 348 750 st
370 687 521 773 ambigua
541 686 582 749 ae
604 686 799 769 Vespasiano
820 685 925 762 ram„
947 687 1101 769 solusque
1175 672 1178 791 l

77 773 227 836 omnium
242 781 315 836 ante
329 791 363 836 se
378 771 566 855 Principum
581 771 616 835 in
630 771 746 835 melius
761 781 901 835 mutatus
915 780 972 835 est.
1177 796 1179 837 l

118 858 175 922 LI.
199 858 297 922 Nunc
318 858 410 922 initia
428 876 604 939 causasque
619 857 721 922 motis
741 855 905 922 Vitelliani
921 855 1101 942 expediam
1178 844 1180 929 l

79 944 171 1007 Caeso
185 963 263 1007 cum
275 943 424 1007 omnibus
438 943 539 1026 copiis
554 942 642 1007 Julio
652 941 797 1022 Vindice,
813 941 902 1006 ferox
913 941 1019 1025 preda
1033 943 1103 1027 glo·
1179 934 1181 1021 l

78 1028 190 1126 risque
211 1028 380 1107 exercitus,
395 1039 432 1093 ut
444 1028 508 1092 -cui
522 1026 592 1091 sine
615 1028 724 1091 labore
737 1047 776 1090 ac
795 1027 939 1110 periculo
953 1026 1102 1093 ditissimi
1180 1026 1181 1057 ³

77 1115 156 1178 bella
182 1114 317 1195 victoria
338 1114 506 1192 evenisset,
528 1110 767 1196 expeditionem
786 1114 885 1195 quam
899 1113 1010 1196 otium,
1024 1133 1105 1198 prae·
1182 1152 1183 1155 =

79 1200 146 1263 mia
159 1206 260 1282 quam
273 1200 430 1282 stipendia
443 1199 590 1264 malebat.
634 1198 702 1262 Diu
717 1198 951 1262 infructuosam
969 1209 1000 1262 et
1014 1217 1104 1282 aspe-

80 1302 149 1347 ram
164 1284 314 1348 militiam
327 1286 548 1363 toleraverant,
563 1284 694 1369 ingenio
709 1274 935 1383 loci(coeliqud
943 1293 975 1348 et
988 1284 1105 1349 severi·

21 1356 28 1431 l
81 1378 143 1432 tate
167 1364 370 1454 disciplinae!
387 1390 494 1459 quarn,
514 1370 549 1433 iu
572 1388 651 1452 pace
672 1369 914 1448 inexorabilem,
935 1367 1103 1435 discordie

22 1456 25 1467 '
81 1453 205 1518 civium
219 1456 395 1534 resolvunt,
409 1453 528 1539 paratis
546 1454 708 1537 utrimque
730 1455 968 1538 corruptoribus
989 1464 1021 1519 et
1034 1473 1105 1538 per·

80 1539 155 1604 fidit
170 1540 354 1623 impunita,
383 1542 461 1621 Viri,
476 1558 575 1619 arma,
597 1540 682 1622 equi,
707 1539 746 1603 ad
766 1559 863 1605 usum
884 1551 916 1603 et
940 1538 982 1604 ad
1003 1541 1104 1606 decus

82 1637 287 1708 supererant:
309 1625 365 1690 seli
379 1637 453 1691 aute
475 1626 597 1690 bellum
619 1625 778 1690 centurias
800 1626 923 1690 tantirm
944 1644 1022 1689 suas
1038 1637 1105 1690 tur·

82 1730 210 1795 masque
226 1720 402 1776 noverant:
418 1711 577 1775 exercitus
589 1710 708 1774 linibus
726 1711 967 1794 provinciarum
988 1708 1106 1777 discer-
1150 1728 1155 1741 ·
1183 1766 1185 1772 .

23 1822 32 1863 t
82 1798 248 1861 uebantur.
292 1796 384 1862 Turn
399 1796 558 1860 adversas·
572 1795 742 1869 Vindicem
756 1806 926 1861 contracta
951 1797 1103 1883 legiones,

82 1899 177 1965 seque
191 1893 222 1946 et
238 1882 361 1948 Gallias
375 1892 522 1965 expertae,
536 1900 677 1964 querere
691 1899 803 1944 rursus
826 1898 924 1964 arma,
938 1899 1104 1964 novasque

23 2031 24 2034 ,
83 1964 275 2034 discordias:
297 1986 357 2034 nec
373 1967 513 2048 ‘socios’
525 1967 660 2048 ntolim,
672 1965 727 2030 sed
744 1966 868 2032 ‘hostes
882 1979 915 2032 et
928 1966 1106 2032 victos’vo·
1192 2010 1194 2015 -

24 2105 25 2114 ,
84 2053 205 2119 cabant.
249 2054 318 2118 Nec
329 2052 437 2118 deerat
445 2072 518 2136 pars
530 2052 722 2133 Galliarum,
733 2073 804 2137 quae
816 2052 970 2118 Rhenum
979 2053 1104 2135 accolit,

23 2151 24 2160 ¹
85 2139 210 2204 easdem
224 2151 330 2225 partes
343 2150 461 2218 secuta,
485 2158 523 2202 ac
537 2151 609 2202 tum
622 2138 779 2202 acerrima
792 2138 975 2223 instigatrix
995 2139 1106 2204 adver·

22 2219 28 2282 l
85 2223 137 2287 sris
152 2226 222 2293 Gal
243 2229 360 2291 ianas:
383 2226 445 2290 hoc
459 2225 547 2288 enim
568 2243 696 2303 nornen,
711 2223 850 2289 fastidito
864 2225 1009 2307 Vindice,
1024 2224 1107 2290 indi-

22 2355 27 2366 .
86 2230 347 2460 derant.21gitur
362 2308 727 2413 SequanigAEduisqne,
743 2330 783 2375 ac
793 2309 919 2390 deinde,
941 2319 1037 2396 prout
1050 2329 1106 2394 op-

21 2411 25 2474 ζ
86 2396 183 2459 alenti
246 2395 409 2460 ivitatibus
430 2404 507 2475 erat,
532 2394 659 2475 infensi,
682 2395 938 2483 expugnationes
961 2395 1104 2480 urbium,

20 2537 25 2554 ,
87 2483 302 2565 populationes
317 2498 477 2567 agrorum,
488 2492 598 2564 raptus
613 2480 779 2563 penatium
788 2481 1104 2573 hauserurganimo:

20 2585 25 2656 '.
87 2584 178 2648 super
188 2568 353 2631 avaritiam
363 2575 394 2629 et
403 2567 628 2662 arrogantiam,
640 2562 800 2649 precipua
810 2565 1006 2631 validiorum
1015 2567 1104 2648 vitia,

20 2663 25 2744 ξ
89 2652 285 2730 contumacia
299 2653 471 2716 Gallorum
481 2652 603 2732 irritati,
617 2650 684 2734 qui,
701 2651 878 2716 ‘remissam
888 2652 949 2716 sibi
964 2672 985 2715 a
998 2652 1105 2719 Galbti

58 2735 1131 2888 2llllt“illatattlttnffirttllttlslttritt,

56 2885 65 2922 ¹
90 2910 201 2982 temere
227 2844 394 2987 &editum
425 2842 618 2971 ‘decumani'
631 2908 774 2994 legiones
799 2919 831 2971 et
852 2844 1106 2992 promtisdimuffi

90 3010 242 3078 quemque
267 2994 502 3058 Centurionum
524 2992 641 3059 dimitti
651 2996 669 3056 ε’
690 2991 835 3077 undique
852 3007 974 3059 atroces
988 2994 1105 3078 nuntii,

90 3079 211 3143 sinistra
226 3100 267 3143 ex
282 3080 362 3144 urbe
376 3077 479 3143 famo:
503 3077 628 3143 infensa
652 3079 882 3166 Lugdunensis
906 3080 1042 3160 colonia,
1063 3091 1105 3161 et,

90 3165 237 3245 pertinaci
251 3185 309 3249 pro
323 3163 540 3244 Neronelide,
556 3161 708 3230 soecun'da
722 3164 913 3230 rumoribus.
941 3165 1022 3239 „Sed
1036 3167 1108 3251 plu·
1186 3175 1194 3188 “

90 3249 165 3314 rima
179 3251 218 3315 ad
233 3249 424 3337 fingendum
444 3249 703 3333 credendumque
724 3249 870 3315 materies
889 3270 1023 3339 Q
1038 3270 1106 3316 aas·

89 3335 151 3422 tris,
164 3336 246 3417 odio,
262 3350 359 3413 metu,
374 3349 414 3417 et,
428 3335 484 3399 ubi
506 3335 592 3399 vires
607 3355 683 3399 suas
698 3347 910 3419 respexerant,
925 3337 1104 3402 securitate.

41 3370 197 3569 *bil
239 3421 309 3488 Sub
335 3421 422 3505 ipsas.
441 3421 611 3504 superioris
634 3419 711 3483 anni
733 3421 898 3486 Kalendas
912 3424 1106 3489 Decembres

117 3507 191 3570 ulus
205 3507 363 3585 Vitellius,
379 3506 562 3570 inferiorem
582 3507 791 3570 Germaniam
805 3507 977 3590 ingressus,
991 3507 1014 3570 lr
1037 3508 1108 3572 ber·

90 3607 129 3653 na
142 3591 307 3677 legionum
321 3612 398 3657 cum
412 3591 490 3660 curi
505 3591 642 3655 adierat:
665 3591 779 3655 redditi
792 3591 954 3673 plerisque
968 3611 1004 3654 or
1026 3590 1105 3670 ines,

91 3676 216 3740 remissa
229 3677 417 3763 ignominia,
429 3679 572 3744 allevate
587 3685 671 3738 notae
684 3665 809 3758 :splura
822 3675 1003 3752 ambitione,
1022 3691 1107 3753 qua·

91 3760 160 3826 dam
169 3761 312 3843 judicio:
334 3763 500 3847 inquibus
514 3759 641 3907 sordgm
655 3769 687 3823 et
706 3759 872 3823 {varitiam
885 3754 1014 3819 Fonteii
1028 3755 1109 3833 Cap-
