2392 4050
76 184 111 250 A.
126 182 160 249 G.
175 184 238 273 db]
351 184 500 251 Hrsnoa,
515 182 595 249 Lm.
610 184 796 256 Quaeres.
1020 183 1084 250 13⁷

75 358 120 422 Ac
132 377 216 440 mox,
229 368 421 443 augescente
434 356 575 437 licentii,
589 357 724 423 scrutari
738 376 777 421 ac
791 354 974 440 protrahere
994 357 1081 423 abdi·

75 453 135 507 tos:
155 444 183 507 si
197 462 293 527 quem
306 462 475 527 procerum
496 444 606 508 habitu
629 454 660 507 et
680 442 816 524 iuranti
839 454 1081 526 conspexerant,

72 530 373 608 obtruncarenullo
395 529 536 594 militum
561 540 617 596 aut
631 529 742 613 populi
755 527 951 592 discrimine.
994 529 1081 599 Quae

72 615 198 695 sevitia,
212 615 393 680 recentibus
407 614 499 694 odiis,
513 616 672 699 sanguine
686 615 883 697 explebatur,
890 610 969 678 ‚dein
981 623 1082 678 verte

71 710 116 763 rat
135 701 169 765 in
190 699 380 766 arentiam:
402 700 486 765 nihil
507 719 646 783 usquam
670 711 829 765 secretum
854 709 910 762 aut
933 701 1081 764 clausum

70 786 218 865 sinebant,
243 785 453 850 ‘Vitellianos
468 786 632 852 occultari'
651 785 848 852 simulantes.
892 785 1025 850 Initium
1047 783 1080 849 id

69 870 362 959 perfringendarum
389 870 564 954 domuum3
603 872 664 950 vel,
692 871 719 934 si
747 872 954 951 resisteretur,
980 890 1080 935 eausa

69 957 178 1040 credis3
201 977 263 1021 nec
277 955 386 1020 deerat
397 956 623 1043 egentissimus
636 955 771 1041 quisque
781 976 824 1021 ex
837 957 948 1039 plebe:
970 969 1001 1020 et
1012 976 1081 1040 pes

67 1042 136 1106 simi
160 1042 368 1108 servitiorum
387 1041 520 1126 prodere
543 1042 630 1107 ultrb
653 1041 735 1105 dites
759 1041 925 1106 dominos:
956 1042 1013 1106 alii
1038 1043 1079 1107 ab

67 1126 452 1196 amicismoustrabantur.
496 1127 623 1211 Ubique
638 1128 788 1209 lamenta,
800 1128 1080 1208 conclamationes,

67 1223 96 1275 et
114 1213 216 1279 forma
238 1224 338 1297 capte
360 1215 465 1279 urbis:
486 1213 567 1278 adeb
585 1225 622 1278 ut
648 1212 825 1278 Othoniani
847 1213 1077 1298 Vitellianique

68 1298 171 1363 militis
185 1292 349 1363 invidiosa
365 1309 461 1363 anua
481 1298 660 1381 petulantia
682 1298 924 1366 desideraretur.
968 1300 1078 1364 Duces

67 1385 211 1467 patiam,
233 1383 438 1450 accendendo
461 1383 551 1450 civili
575 1386 662 1449 bello
676 1395 852 1465 nerestein
892 1384 998 1449 rande
1012 1387 1079 1451 vie·

67 1471 147 1534 arie
170 1472 328 1554 impares:
350 1470 468 1555 quippe
493 1470 528 1536 in
554 1471 663 1535 turbas
687 1481 719 1534 et
739 1470 828 1538 disco
866 1470 914 1534 ias
1010 1489 1077 1535 nno

66 1555 176 1640 cuique
191 1556 333 1639 plurima
346 1555 415 1620 ris:
437 1575 499 1639 pax
514 1566 546 1619 et
557 1555 651 1639 quies
662 1556 754 1620 bonis
765 1555 885 1621 artibus
899 1490 1054 1643 indigni:

103 1639 144 1707 ΙΙ.
167 1642 297 1708 Nomen
316 1641 492 1724 sedemque
510 1642 644 1709 Generis
660 1641 868 1706 Domitianus
891 1651 1076 1725 acceperat:
1100 1697 1107 1710 ,

64 1728 207 1792 nondum
220 1727 263 1791 ad
278 1747 372 1794 curas
386 1726 536 1807 intentus,
549 1726 606 1790 sed
619 1726 736 1809 stupris
750 1739 782 1790 et
793 1726 958 1790 adulteriis
969 1727 1077 1792 filium

65 1812 220 1898 Principis
235 1813 357 1898 agebat
401 1812 597 1879 Praefcctnra
611 1812 753 1876 Praetorii
767 1830 863 1895 penes
875 1812 1007 1876 Arrium
1019 1813 1078 1875 Va·

65 1916 149 1963 rum:
172 1917 304 1963 summa
318 1898 466 1981 potentias
489 1899 524 1961 in
547 1898 656 1962 Primo
671 1897 832 1962 Antonio:
855 1897 882 1959 is
905 1898 1078 1979 pecuniam

64 1982 280 2067 familiamque
293 2002 312 2047 e
328 1982 485 2068 Principis
505 1982 610 2063 domo,
650 1981 722 2047 uasi
736 1983 987 2048 Cremonensem
1000 2002 1078 2066 prae·

64 2068 141 2151 dam,
156 2089 287 2152 rapere:
310 2070 403 2134 ceteri
425 2067 579 2137 modetia
593 2001 648 2135 vel
668 2067 876 2155 ignobilitate,
890 2079 928 2132 ut
940 2067 976 2133 in
993 2070 1076 2135 bello

63 2155 196 2235 obscuri,
211 2152 256 2218 ita
279 2154 485 2238 praemiorum
498 2164 651 2238 expertes.
697 2154 819 2219 Civitas
832 2154 949 2241 pavida
967 2165 998 2218 et
1012 2175 1077 2220 ser·

63 2240 136 2305 vitio
150 2250 262 2326 parete
277 2241 447 2324 ‘occupari
458 2240 647 2307 redeuntem
661 2239 834 2304 Tarricinls
854 2242 892 2309 L.
907 2241 1075 2308 Vitellium

62 2345 133 2390 cum
160 2326 354 2406 cohortibus,
377 2326 588 2410 extinguique
613 2325 855 2409 reliqua·belli,'
883 2328 1073 2409 postulabat.
1170 2402 1171 2409 ἵ

64 2410 224 2476 Proemissi
240 2410 384 2475 Ariciam
397 2412 537 2494 equites:
560 2428 674 2497 agmen
690 2411 856 2495 legionum
869 2411 954 2477 intra
966 2412 1075 2477 Bovil·
1170 2412 1171 2423 ’

63 2494 107 2558 les
120 2496 215 2561 stetit.
259 2497 329 2561 Nee
342 2507 510 2561 cunctatus
530 2507 578 2560 est
592 2492 752 2576 Vitellius,
771 2515 869 2580 seque
882 2508 915 2561 et
928 2497 1075 2561 cohortes

61 2581 326 2647 arbitriorictoris
336 2582 525 2666 permittere.
562 2581 608 2646 Et
618 2580 710 2645 miles
723 2581 865 2647 infelicia
875 2602 972 2664 arma,
984 2583 1073 2648 haud

62 2666 164 2731 minus
177 2666 235 2748 ira,
248 2667 346 2750 quam
359 2678 447 2732 metu
467 2666 590 2749 abjecit.
635 2667 769 2751 Longus
790 2667 972 2734 deditorum
985 2669 1071 2751 ordo,
1170 2666 1171 2675 ’

60 2762 165 2834 septus
177 2753 315 2834 armatis,
329 2771 386 2836 per
398 2753 512 2817 urbem
523 2753 661 2818 incessit.
705 2750 808 2818 Nemo
818 2755 956 2838 supplici
968 2758 1071 2836 vultu,

61 2836 441 2903 sedtristesettrueeset
463 2838 630 2904 adversum
644 2839 777 2922 plausus
792 2860 830 2904 ae
845 2841 1072 2907 lasciviamin·
1170 2876 1172 2905 r

61 2921 204 2987 saltantis
219 2924 312 3010 vulgi
332 2923 531 2989 immobiles:
553 2943 674 3007 paucos
697 2944 864 3008 erumpere
886 2944 989 3005 ausos,
1012 2927 1072 2989 cir·
1170 2932 1171 2939 ’

62 3008 208 3088 cumjecti
230 3009 391 3093 pressere:
424 3009 520 3073 ceteri
543 3009 578 3075 in
600 3008 780 3073 custodiam
803 3010 934 3075 conditi.
980 3010 1070 3077 Nihil
1170 3009 1172 3093 ῗ

61 3091 228 3176 quisquam
242 3095 368 3160 locutus
382 3092 565 3180 indignum,
579 3106 619 3174 et,
634 3112 819 3176 quanquam
833 3095 914 3159 inter
929 3095 1069 3178 adversa,
1170 3166 1172 3179 γ

60 3177 148 3245 salva
168 3180 296 3243 vinutis
309 3179 404 3245 fama.
429 3180 534 3244 ‘Dein
558 3180 596 3244 L.
618 3178 778 3243 Vitellius
792 3179 989 3262 interficitur,
1012 3203 1071 3266 par
1170 3186 1172 3239 ἶ

60 3261 143 3325 vitiis
157 3263 270 3344 fratris,
285 3265 320 3328 in
335 3264 521 3350 Principatu
536 3264 607 3347 ejus
628 3265 811 3349 vigilantior
824 3288 831 3348 ;
842 3285 843 3288 ’
854 3285 916 3331 nec
937 3268 1069 3353 perinde
1169 3302 1172 3359 ;

61 3348 214 3430 prosperis
227 3350 344 3433 socius,
358 3351 456 3434 quim
470 3351 613 3415 adversis
628 3353 813 3417 abstractus.

100 3432 157 3497 111.
194 3434 315 3500 Iisdem
339 3436 450 3504 diebus
479 3437 627 3502 Lucilius
655 3439 782 3518 Bassus,
816 3457 893 3503 cum
920 3440 1068 3522 expedito

61 3517 169 3600 equite,
185 3520 225 3584 ed
240 3523 495 3604 componendam
509 3524 721 3606 Campaniam
740 3525 895 3589 mittitur:
917 3523 1069 3588 discordi·
1169 3514 1172 3593 ζ

63 3598 121 3665 bus
131 3605 378 3690 municipiorum
390 3608 516 3689 animis,
528 3606 629 3692 magis
643 3609 725 3672 inter
736 3608 1071 3690 semetquhmoontu·
1169 3614 1171 3675 i

62 3687 324 3759 meritamente
345 3693 659 3840 Principem.12Viso
672 3692 773 3756 milite
790 3694 900 3774 quies:
922 3693 1067 3753 ermino
