2392 4050
135 165 180 233 86
493 162 530 226 C.
547 162 657 232 Genu.
674 161 811 229 Tacrrr
956 163 1006 255 [A.
1021 162 1064 227 U.
1080 111 1169 229 822·j

130 337 211 406 tianr
223 333 337 430 partlm
352 333 499 415 vitarent,
514 344 581 415 aut,
591 334 649 401 ubi
664 335 788 401 lubrico
799 334 860 402 viae
874 337 927 401 rel
943 355 1082 400 occursu
1097 335 1149 399 ali-

130 423 226 506 cujus
241 418 460 504 procrdissant,
487 419 527 484 ad
539 420 693 508 jurgium,
710 441 786 486 mox
801 420 842 485 ad
856 441 972 486 uranus
986 432 1021 488 et
1031 422 1149 486 fernam

130 508 310 574 transirent
354 504 448 576 Quin
462 515 494 569 et
509 506 652 571 Tribuni
674 506 882 591 Praefactique
897 527 974 573 cum
988 517 1108 572 terrore
1121 516 1149 570 et

129 605 327 661 armatorum
341 590 476 654 catervis
494 591 680 656 volitabant.

174 677 370 745 LXXXIX·
393 675 466 758 Ipse
477 675 636 757 Vitellius,
649 686 773 762 sponte
788 677 912 758 Milrio,
924 678 1048 765 insigni
1061 695 1148 760 equo,
1167 663 1169 678 ⁴

129 765 303 852 paludatus
327 761 565 845 accinctusque,
589 764 748 828 Senatum
769 773 802 827 et
830 763 995 846 Populum
1022 773 1099 827 ante
1120 783 1169 836 se

131 870 241 939 agens,
256 847 322 930 qud
337 846 451 926 minirs,
465 859 502 911 ut
517 863 655 932 ceptum,
669 848 783 913 urbem
793 848 1023 934 ingrederetur,
1037 837 1149 911 emico
1168 841 1169 896 ἶ

123 951 205 1005 'rum
231 933 366 998 consilio
394 933 572 1013 deterritus,
603 933 708 998 sumta
733 934 888 1016 praetexu
915 945 947 999 et
974 933 1169 1017 composito*

130 1021 269 1110 agmine,
283 1018 422 1084 incessit.
466 1020 619 1089 Qnetuer
629 1019 798 1106 legionum
810 1019 928 1102 aquilae
939 1041 995 1105 per
1005 1020 1148 1096 frontem,

130 1107 327 1188 totidemque
342 1104 429 1168 circa
441 1125 459 1169 a
471 1104 652 1191 legionibus
665 1104 737 1168 aliis
750 1106 880 1187 vexilla,
892 1126 969 1170 mox
982 1102 1150 1170 duodecim

130 1194 258 1258 alarum
272 1190 376 1276 signa,
391 1202 422 1255 et
443 1203 515 1274 post
528 1188 673 1275 peditum
686 1189 825 1270 ordines,
839 1209 939 1274 eques
950 1190 1058 1256 :dein
1078 1207 1149 1273 qua·

129 1290 204 1343 tuor
218 1289 250 1342 et
263 1275 397 1357 triginta
410 1276 565 1356 cohortes,
577 1285 615 1342 ut
629 1275 762 1340 nomina
782 1277 938 1359 gentium,
953 1286 1010 1340 eut
1032 1273 1150 1359 species

131 1383 294 1430 armorum
309 1359 588 1441 forent,discrotae.
632 1363 716 1426 Ante
727 1359 870 1445 aquilam
881 1361 1025 1428 Praefecti
1037 1370 1149 1427 castro

115 1469 207 1515 rum
222 1447 427 1530 Tribunique
440 1459 474 1511 et
492 1446 589 1531 primi
613 1447 859 1527 Centurionum,
885 1447 1023 1512 candidi
1046 1455 1151 1511 veste:

132 1535 228 1601 ceteri
239 1531 334 1616 juxta
348 1552 442 1596 suem
455 1534 592 1617 quisque
607 1531 795 1612 centuriam,
811 1531 909 1597 armis
922 1532 1081 1617 donisque
1095 1530 1150 1595 fnl-
1168 1609 1169 1614 ἵ

131 1632 252 1708 gentes.
297 1618 342 1682 Et
352 1618 492 1684 rnilitum
501 1618 643 1701 phaleroe
655 1628 845 1702 torquesque
855 1618 1082 1704 splendebant:
1102 1616 1150 1681 de

133 1727 209 1774 cere
233 1703 340 1785 facies,
365 1715 397 1767 et
421 1724 488 1769 non
512 1702 642 1769 Vitellio
667 1702 816 1788 Principe
841 1703 961 1790 dignus
985 1703 1149 1769 exercitus.

133 1793 190 1860 Sic
206 1790 404 1875 Capitolium
426 1790 459 1853 in
551 1809 599 1870 us,
615 1799 711 1874 etque
733 1788 778 1852 ibi
800 1799 936 1860 matrem
957 1792 1160 1874 complexus,

135 1877 447 1962 Augustamnica
484 1876 641 1942 oneravit.

178 1965 251 2030 XO.
275 1963 405 2029 Paaterd
418 1962 479 2045 die,
493 1969 648 2047 tanquam
661 1958 748 2045 apud
759 1960 892 2029 alterius
905 1959 1047 2026 civitatis
1058 1961 1148 2028 Sena-

133 2061 206 2115 tunr
231 2050 464 2132 Populumque,
489 2046 698 2134 magnificam
722 2046 900 2112 orationem
921 2047 963 2112 de
986 2047 1147 2130 semetipso

132 2136 277 2222 promsit,
290 2134 480 2199 industriam
489 2131 796 2216 temperantiamque
807 2133 1060 2198 suam'leudibus
1069 2131 1149 2196 attol-

132 2224 224 2288 lens:
250 2219 387 2285 consciis
415 2217 611 2304 flagitiorum
636 2217 722 2302 ipsis,
747 2218 805 2301 qui
831 2218 972 2301 ederant,
1001 2218 1147 2301 omnique

133 2305 237 2387 lunt,
260 2323 316 2390 per
344 2324 444 2387 quam
471 2322 585 2367 somno
613 2313 646 2368 et
669 2305 752 2368 luxu
775 2302 946 2388 pudendus
973 2304 1147 2368 incesserat.

135 2394 263 2478 Vulgus
278 2401 394 2471 tamen,
410 2408 552 2454 vacuum
565 2388 662 2470 curis,
677 2396 710 2452 et
722 2389 793 2452 sine
806 2387 879 2453 salsi
893 2389 1026 2474 verique
1045 2386 1147 2454 discri-

134 2480 223 2543 mine
249 2477 359 2541 solitas
388 2475 587 2540 adulationes
614 2473 774 2556 edoctum,
795 2476 933 2543 clamore
960 2485 992 2540 et
1022 2474 1147 2540 vocibus

135 2562 328 2648 astrepebat:
352 2560 569 2644 abnuentique
594 2578 712 2624 nomen
735 2561 895 2644 Augusti,
909 2561 1103 2645 expressere,
1116 2564 1147 2620 ut

134 2658 327 2730 assumeret3
350 2646 544 2711 tamfrustni
556 2647 654 2729 quum
669 2656 881 2710 recusaverat.

124 2774 126 2777 -
179 2734 269 2798 XCI.
293 2733 390 2815 Apud
412 2732 583 2812 civitatem,
607 2741 724 2795 cuncte
747 2729 1017 2814 interpretantem,
1038 2724 1169 2795 funesti

134 2816 254 2885 ominis
268 2822 340 2884 loco
354 2826 523 2902 acceptum
535 2827 592 2897 est,
608 2815 702 2901 quod,
725 2817 906 2881 maximum
926 2815 1148 2882 Pontificatum

123 2906 278 2990 adeptus,
301 2904 451 2969 Vitellius
472 2901 514 2967 de
539 2900 731 2970 cerimoniis
755 2902 893 2998 publicis
917 2900 1145 2986 quintodecimo

136 2992 303 3058 Kalendas
317 2988 456 3076 Augusti
470 2987 630 3070 edixisset,
645 2986 819 3072 antiqnltbs
840 2987 980 3053 infausto
1003 2987 1056 3053 die
1082 2986 1146 3050 ore

135 3077 273 3144 metensi
287 3076 487 3160 Alliensique
496 3074 662 3139 cladibus:
684 3072 765 3138 adab
775 3073 881 3138 omnis
896 3074 1032 3139 humani
1042 3068 1147 3138 divini·

135 3183 199 3247 que
210 3162 293 3244 juris
307 3181 429 3245 expers,
444 3159 513 3242 pari
535 3160 723 3225 libertorum
737 3158 978 3243 amicorumque
1002 3154 1145 3231 socordii,

125 3250 228 3313 salut
248 3248 330 3313 inter
354 3249 545 3313 temulentos
565 3246 689 3332 agebat.
733 3243 798 3311 Sed
822 3243 952 3309 comitia
976 3244 1146 3310 Consulum

135 3353 213 3399 cum
226 3331 404 3397 candidatis
429 3330 566 3395 civiliter
578 3331 751 3414 celebrans,
766 3350 896 3395 omnem
910 3330 1033 3395 inlirnae
1056 3325 1144 3414 plebis

135 3437 309 3495 rumorem,
324 3417 358 3480 in
373 3417 496 3480 theatro
510 3427 547 3479 ut
559 3424 726 3499 spectator,
741 3416 775 3479 in
788 3416 876 3480 circo
890 3427 927 3481 nt
939 3416 1055 3499 fautor,
1066 3414 1145 3479 affec·

135 3503 235 3566 terit:
256 3519 338 3583 quaa,
352 3509 444 3584 grata
457 3502 534 3564 san'e
547 3510 579 3563 et
599 3500 781 3583 pupularia,
795 3501 824 3563 si
846 3522 867 3565 a
880 3501 1052 3567 virtutibus
1065 3495 1144 3584 proli-

135 3586 340 3663 ciscerentur‚
356 3583 510 3646 memoriis
524 3584 599 3648 vitre
620 3583 742 3666 prioris,
759 3584 910 3651 indecora
930 3595 963 3649 et
983 3580 1144 3650 viliaacci·

128 3668 314 3750 ‹piabantuc
358 3667 539 3733 Ventitebet
552 3667 587 3731 in
603 3668 779 3753 Senatum5
803 3671 902 3737 etiam
912 3672 986 3737 crim
1000 3666 1144 3756 parrirde
