2392 4050
115 234 183 304 262
456 236 494 302 Ο.
516 235 629 304 Gonu.
651 236 791 303 Tacina

116 409 239 475 cellum
258 414 369 475 eutem
387 416 420 470 et
439 406 602 490 Crispum,
624 404 771 471 attulisse
792 402 835 485 ad
854 403 1031 473 amicitiam
1048 421 1137 471 auam

115 492 205 578 quod
218 511 285 556 non
301 510 321 554 a
335 490 485 574 Principe
494 490 686 574 acceperint,
702 509 763 557 nec
774 489 880 573 accipi
894 491 1004 573 possit
1045 487 1135 553 illini·

115 596 210 643 mum
223 577 306 639 inter
321 584 368 639 tot
381 594 420 639 ac
433 585 523 639 tanta
536 577 649 640 locum
670 574 816 638 obtinent
830 574 991 659 imagines
1006 594 1043 639 ae
1058 570 1135 636 tituli

115 671 148 725 et
161 670 286 740 statue,
307 674 382 743 quae
396 677 501 743 neque
523 658 595 741 ipsa
609 667 717 723 umen
729 659 952 743 negliguntur,
973 667 1051 738 um,
1064 657 1137 720 Her·

116 747 200 825 cule,
213 751 315 828 quam
327 741 450 808 divitiae
465 754 497 806 et
510 762 596 826 opas,
617 761 699 825 quas
713 741 840 807 facilius
856 742 1016 822 invenies,
1029 744 1082 825 qui
1096 739 1137 802 ri·

116 839 254 913 ruperat,
275 828 374 911 quim
396 826 453 911 qui
476 826 626 891 fastidiat.
670 826 734 890 His
752 825 854 910 igitur
868 837 901 889 et
920 827 1095 890 honoribus
1108 832 1138 886 et

77 924 81 931 “
116 913 318 977 ornamentis
331 919 364 975 et
372 909 581 989 facultatibus
592 911 724 974 refertas
734 909 847 973 domos
858 929 975 971 aonam
988 909 1137 986 videmus,

116 994 176 1079 qui
189 1015 224 1059 se
246 995 287 1056 ab
301 995 435 1058 ineunte
449 992 665 1060 adnleseentia
680 993 789 1057 causis
801 992 987 1054 forensibus
1002 1000 1036 1054 et
1046 998 1138 1053 orato

117 1079 168 1142 rio
179 1075 467 1141 studiodederunt

7 1183 15 1192 ·
163 1161 226 1225 IL
247 1157 336 1224 Nam
349 1158 497 1223 carmina
513 1168 546 1221 et
558 1174 683 1243 uersus,
705 1155 824 1238 quibus
845 1164 950 1220 totam
963 1155 1067 1218 vitam
1077 1152 1139 1217 hin·

116 1253 229 1308 ternam
242 1244 406 1307 insumere
420 1253 509 1324 optut
524 1241 618 1327 (inde
630 1240 719 1306 enim
732 1239 839 1303 omnis
852 1239 951 1303 duxit
964 1238 1081 1326 oratio)
1090 1256 1139 1300 ne·

139 1346 181 1392 ue
195 1327 387 1411 dignitatem
408 1327 511 1390 ullam
529 1320 715 1393 auctoribus
736 1323 806 1385 sule
830 1323 1022 1403 conciliant,
1045 1339 1140 1404 neque

115 1346 309 1497 dignitatem
322 1411 427 1473 ullam
441 1408 628 1474 auctoribus
648 1408 716 1471 ruis
730 1405 917 1486 conciliant,
940 1412 1051 1490 neque
1063 1404 1140 1471 utili·

117 1504 198 1558 tates
221 1494 334 1557 alunt:
356 1493 558 1576 voluptatem
574 1501 685 1556 autem
701 1491 843 1570 brevem,
865 1490 1001 1555 laudem
1019 1492 1140 1555 inanem

116 1589 148 1643 et
170 1577 407 1643 infructuosam
423 1585 678 1660 consequuntur.
721 1575 815 1640 Licet
832 1576 904 1640 haec
924 1576 1009 1658 ipsa,
1031 1587 1140 1658 etqua

117 1662 236 1728 deinde
253 1661 401 1731 dicturus
414 1681 498 1741 sum,
522 1671 704 1742 auresue,
726 1658 882 1739 Materne,
904 1670 1071 1742 respuant,
1090 1657 1138 1722 cui

117 1749 203 1814 bono
217 1759 274 1829 est,
290 1745 420 1830 sirepud
433 1755 466 1809 te
480 1748 709 1832 Agamemnon
723 1754 780 1808 aut
795 1744 895 1809 Jaaon
909 1743 1033 1809 disertb
1047 1748 1058 1809 Ι
1096 1741 1138 1807 ui·

119 1835 199 1898 turi
219 1831 295 1916 quis
310 1831 384 1897 ideo
404 1830 545 1896 domum·
558 1829 711 1894 defensus
728 1838 761 1893 et
774 1827 833 1892 tibi
855 1828 1019 1914 obligatam
1094 1826 1140 1890 itt

119 1917 208 1987 Quis
223 1917 369 1982 Saleium
382 1925 539 1996 nostrum,
560 1914 729 2001 egregium
743 1916 881 1997 politam,
900 1914 954 1977 vel
970 1913 1000 1976 si
1015 1914 1078 1977 hoc
1089 1912 1140 1976 lm-

117 1999 413 2081 notificandusest,
435 1999 721 2083 preclarissimum
740 2010 849 2073 vatem
862 1996 1009 2080 deducit,
1032 2009 1142 2062 autn-

112 2085 210 2164 lutnt,
232 2093 289 2149 aut
307 2084 538 2168 prosequiturl
562 2091 565 2098 ’
582 2084 716 2166 Nempe,
738 2083 908 2147 siumicus
926 2081 1011 2164 ejus,
1033 2083 1061 2147 si
1078 2098 1141 2165 pre

8 2210 9 2215 κ
117 2169 270 2252 pinquus,
292 2169 320 2232 si
336 2169 477 2251 denique
496 2169 566 2253 ipse
588 2168 624 2231 in
645 2167 778 2251 aliquod
800 2168 970 2253 negotium
991 2165 1141 2260 inciderit,

8 2528 9 2539 ¹
117 2506 174 2572 hic
189 2508 298 2573 exitus
310 2517 368 2587 est,
390 2516 437 2586 ut,
452 2511 607 2571 cumrato
619 2524 717 2586 anno,
739 2526 795 2589 per
808 2521 922 2571 omnes
935 2505 1017 2585 dies,
1031 2523 1141 2590 magna

117 2252 162 2317 ad
185 2253 277 2318 hunc
297 2253 490 2318 Secundum
510 2263 663 2333 recurret,
684 2271 752 2317 uon
766 2252 807 2317 ad
828 2263 868 2331 te,
891 2252 1051 2332 Materne,
1070 2268 1141 2333 quia

117 2342 215 2424 polita
229 2357 274 2418 ee,
283 2357 390 2421 neque
403 2347 441 2401 ut
451 2334 807 2420 proeoversuefacias:
822 2335 858 2399 hi
870 2336 971 2400 etiam
981 2337 1082 2400 Basso
1092 2334 1141 2397 do

119 2423 168 2489 mi
182 2433 371 2502 nascuntur,
383 2421 515 2505 pulchri
528 2420 662 2505 quidem
676 2431 708 2484 et
717 2419 873 2502 jucundi:
887 2440 1033 2504 quorum
1044 2431 1142 2484 nmen

1126 2502 1138 2519 Α

116 2591 265 2656 noctium
275 2602 377 2674 vparte¹
398 2610 506 2656 unum
526 2591 647 2656 librum
666 2589 794 2654 extudit
807 2599 839 2653 et
861 2590 1076 2669 elucubravit,
1097 2607 1142 2653 ru·

8 2712 10 2733 ·
116 2695 194 2762 gare
204 2677 291 2740 ultrb
302 2686 334 2739 et
345 2676 467 2740 ambire
476 2685 622 2763 cogunt,
631 2686 669 2739 ut
677 2675 750 2755 sint,
760 2674 819 2758 qui
829 2673 1008 2760 dignentur
1017 2673 1141 2739 audire:

8 2806 9 2809 ,
116 2772 149 2824 et
163 2778 204 2823 ne
220 2760 255 2824 id
268 2758 401 2843 quidem
411 2760 530 2844 gratis:
547 2777 625 2823 nam
637 2768 669 2824 et
682 2759 817 2824 domurn
827 2767 998 2823 mutuatur
1011 2770 1045 2824 et
1059 2756 1143 2823 audi

8 2846 9 2909 l
117 2842 238 2909 torium
251 2841 603 2909 exstruitetsubsellia
614 2841 769 2908 conducit
782 2852 815 2907 et
827 2842 956 2908 libellos
968 2841 1140 2929 dispergit:

8 2938 9 2951 ¹
116 2939 160 3011 et,
180 2940 217 2994 ut
230 2928 434 2996 beatissimus
448 2927 671 2993 recitationem
683 2926 754 3009 ejus
768 2936 905 2992 eventus
919 2937 1138 3013 prosequatur,

7 3026 11 3093 t
117 3014 225 3081 omnis
239 3015 298 3080 illa
319 3016 393 3079 laus
412 3014 498 3078 intra
519 3031 626 3092 unum
648 3022 705 3077 aut
728 3013 869 3078 alterum
887 3010 986 3093 diem,
1007 3010 1139 3077 velutin

7 3112 10 3170 ὲ
115 3099 217 3164 berbi
237 3101 288 3164 vel
309 3099 388 3164 flore
409 3107 578 3183 precepta,
602 3096 642 3161 ed
667 3097 795 3162 nullam
814 3105 936 3161 certam
955 3107 990 3160 et
1009 3096 1139 3161 solidum

8 3176 11 3267 ζ
116 3185 264 3267 pervenit
277 3182 425 3270 frugem:
447 3202 509 3247 nec
523 3190 581 3245 aut
599 3181 777 3246 amicitiam
797 3176 874 3244 iude
889 3178 996 3262 refert,
1018 3190 1077 3246 aut
1089 3178 1138 3243 cli·

115 3268 265 3349 antelam,
279 3279 337 3331 aut
352 3285 545 3333 mansurum
559 3264 595 3331 in
611 3265 720 3330 animo
730 3266 923 3349 cujusquam
936 3264 1137 3342 mneficium,

8 3356 10 3367 ’
115 3348 173 3414 sed
184 3352 493 3436 clamoremvagum
507 3361 540 3414 et
549 3371 647 3416 voces
662 3349 776 3414 inanes
787 3358 820 3447 et
830 3348 991 3436 gaudium
1001 3351 1136 3416 voluere

115 3433 340 3504 Laudavimus
353 3453 466 3516 nuper,
488 3445 526 3498 ut
541 3435 659 3499 miram
671 3446 706 3501 et
718 3435 885 3519 eximiam,¹
903 3430 1135 3519 Vespasianili

121 3515 331 3595 beralitatem,
357 3517 446 3599 qubd
473 3517 654 3615 quingenta
681 3518 827 3584 sestertia
855 3518 956 3582 Basso
984 3517 1135 3583 danaae

115 3598 299 3691 Pulchrum
321 3598 362 3662 idv
379 3599 523 3681 quidem,
552 3601 796 3698 indulgentiam
823 3601 987 3684 Principia
1014 3597 1135 3689 ingenio

112 3695 247 3744 mereri:
268 3683 392 3764 quanto
405 3692 514 3749 tamen
528 3685 711 3770 pulchrius,
726 3686 755 3753 si
768 3686 814 3752 ita
824 3704 876 3753 res
890 3684 1062 3754 uulneris
1075 3683 1132 3752 exi·
