2392 4050
92 67 104 118 ἱ
122 73 127 80 .

60 139 216 281 ΑΙΟ70]
266 137 271 146 ¹
320 191 476 280 ,Hrsrom
490 192 772 265 transancos.
998 195 1060 262 163

58 367 223 431 cohortium
242 366 446 449 alarumque,
456 363 519 429 fusi
535 367 748 434 Garamantes
762 376 794 431 et
814 375 941 450 recepta
953 369 1060 434 omnis

56 454 158 535 prada,
172 452 234 516 nisi
248 472 350 536 quam
362 451 438 538 vagi
451 471 508 535 per
522 451 687 519 inaccessa
708 452 887 537 mapalium
904 453 1062 518 ulteriori·

55 538 106 603 bns
120 536 337 602 vendiderant.

89 624 140 689 LI.
161 626 204 690 At
217 621 424 705 Vespasiano,
437 631 509 706 post
520 612 771 688 Cremonensem
780 641 925 709 pugnarn
932 631 964 687 et
973 642 1063 707 pros·

52 727 133 791 paros
146 708 290 792 undique
304 708 445 787 nuntios,
461 708 633 774 ‘cecidisse
644 709 830 789 Vitellium,’
845 709 940 774 multi
956 709 1063 791 crrjns·

53 814 109 878 que
134 794 265 874 ordinis,
290 793 359 876 pari
385 792 520 859 audaciis
547 794 739 879 fortunatas
764 796 948 883 hybernum
971 815 1061 860 mare

52 880 189 966 aggressi,
219 878 421 944 nuntiavere.
478 879 624 945 Aderant
651 884 661 946 Ι
702 881 747 946 ati
776 879 875 966 Regis
899 880 983 945 Volo
1041 880 1060 962 ‘,

53 964 273 1051 ‘quadraginta
282 965 477 1030 Parthorum
487 967 635 1048 equitum
679 967 754 1031 'lia'
765 968 940 1032 offerentes.
1007 987 1061 1053 ag·

52 1052 177 1117 triticum
192 1053 375 1133 laetumque,
387 1051 483 1115 tantis
497 1052 659 1117 sociorum
673 1052 803 1120 auxiliis
817 1052 940 1133 ambiri,
954 1072 1062 1136 neque
1167 1077 1168 1082 ¹

51 1135 197 1223 indigere.
242 1137 361 1202 Gratiae
376 1138 535 1222 Vologese
553 1147 639 1219 actae,
662 1138 923 1221 mandatamque,
948 1144 1003 1203 ‘ut
1016 1138 1061 1203 le·

51 1222 188 1307 gatosad
203 1221 873 1307 Senatummitteretetpacemessesciret'
916 1223 1063 1307 Vespasi-

51 1326 134 1389 anus,
147 1309 180 1372 in
198 1306 328 1372 ltaliam
341 1314 455 1389 resque
469 1308 560 1374 urb'm
573 1307 726 1390 intentus,
748 1310 915 1374 adversam
935 1309 976 1372 de
995 1311 1061 1374 Do
1167 1385 1168 1388 Ἴ

51 1392 172 1460 miliano
185 1393 306 1458 famam
317 1392 450 1476 accipit;
475 1400 646 1478 ‘tanquam
658 1395 811 1460 terminos
826 1394 926 1462 aetetis
939 1404 972 1458 et
984 1412 1061 1460 con·

49 1497 129 1543 cessa
151 1479 222 1543 lilio
244 1476 466 1563 egrederetur.¹
517 1481 621 1565 Igitur
647 1480 881 1545 validissimam
903 1479 1061 1548 exacuta
1167 1517 1169 1536 ·

50 1575 161 1646 partem
175 1564 256 1627 Tito
272 1562 375 1643 tradit,
391 1562 432 1628 ad
446 1564 571 1648 reliqna
585 1565 713 1632 Judaici
728 1567 805 1632 belli
817 1567 1038 1652 perpetranda
1167 1611 1169 1626 ,

85 1650 153 1715 LIL
178 1647 305 1736 Titum,
328 1660 500 1732 antequam
519 1649 749 1736 digrederetur,
771 1654 875 1718 multo
896 1649 983 1735 apud
1005 1671 1061 1736 pa-
1167 1679 1168 1694 ¹

49 1744 121 1800 trem
133 1754 282 1800 sermone
296 1735 403 1803 orasse
416 1734 590 1816 dicebatur,
606 1743 668 1800 ‘ne
682 1736 924 1802 criminantium
936 1739 1060 1802 nuntiis

50 1821 157 1885 temere
171 1818 417 1885 accenderetur:
439 1820 665 1907 integrumque
680 1840 714 1884 se
735 1841 773 1886 ac
786 1822 978 1906 placabilem
991 1821 1061 1886 filio

50 1916 215 1987 prestaret.
260 1905 334 1970 Non
358 1907 510 1992 legiones,
525 1925 592 1970 non
608 1907 734 1986 classes,
749 1904 881 1990 perinde
895 1904 989 1970 firma
1002 1906 1062 1970 im-
1166 1915 1169 2000 ζ

51 1991 121 2073 perii
160 1988 373 2071 munimenta,
409 1994 508 2076 quim
536 2010 710 2059 numerum
737 1993 919 2058 liberorum.
975 1991 1062 2058 Nam
1167 2011 1169 2041 ²

50 2078 161 2143 amicos
177 2086 328 2159 tempore,
341 2076 481 2158 fortuni,
496 2076 703 2161 cupidinibus
713 2077 897 2161 aliquando,
912 2085 968 2141 aut
977 2098 1061 2143 erro·
1167 2122 1169 2163 ,

50 2161 136 2246 ribus,
145 2162 307 2242 imminui,
322 2163 492 2244 transferri,
506 2162 673 2228 desinere:
695 2183 793 2229 snum
802 2163 920 2248 cuique
930 2162 1061 2251 sangui·
1167 2170 1169 2203 r

50 2264 118 2313 nem
145 2248 366 2328 indiscretum,
396 2248 452 2312 sed
488 2249 630 2313 maxime
659 2249 882 2332 Principibus:
918 2268 1060 2333 quorum

50 2332 198 2417 prosperis
213 2344 245 2397 et
258 2332 314 2396 alii
330 2332 485 2414 fruantur,
511 2334 643 2400 adversa
664 2334 705 2400 ad
724 2333 943 2415 junctissimos
966 2336 1061 2420 perti·
1167 2389 1169 2413 ξ

51 2429 158 2484 neant:
182 2439 224 2483 ue
249 2418 400 2482 iratribus
423 2418 555 2502 quidem
577 2439 764 2484 mansuram
786 2414 1000 2502 concordiam,
1023 2420 1060 2485 ni
1167 2434 1169 2461 ¹

50 2519 156 2584 parens
170 2505 355 2587 exemplum
377 2506 577 2585 praebuisset.’
620 2505 845 2588 Vespasianus,
865 2502 953 2568 haud
967 2507 1059 2589 aqut
1166 2572 1168 2582 Α

52 2587 229 2655 Domitiano
243 2589 417 2674 mitigatus,
440 2597 537 2673 quarn
559 2589 629 2656 Titi
651 2591 767 2674 pietate
781 2588 935 2676 gaudens,
959 2591 1060 2657 ‘bono
1165 2596 1169 2623 ¹

51 2692 112 2738 esse
126 2676 242 2740 animo’
254 2673 355 2755 jubet,
371 2676 535 2758 ‘belloque
549 2687 580 2740 et
594 2676 692 2743 armis
709 2676 956 2761 Rempublieam
969 2679 1060 2743 attol·
1166 2672 1168 2701 ¹

52 2757 129 2825 lere:
151 2760 212 2824 sibi
238 2779 351 2844 pacem
364 2758 561 2846 domumque
581 2784 666 2829 curae
688 2762 776 2827 sore!
819 2763 911 2827 Turn
933 2764 1058 2833 ealerat-
1165 2770 1168 2849 ,³

51 2860 112 2908 mas
129 2847 272 2926 navium,
297 2843 459 2911 frumento
482 2857 621 2928 onustas,
644 2869 730 2913 saevo
744 2848 851 2915 adhuc
872 2849 955 2913 nuri
972 2868 1059 2914 com·
1166 2858 1168 2937 ς

52 2929 149 2995 mittit.
194 2930 327 3014 Quippe
343 2939 430 2994 tanto
444 2931 630 2997 discrimine
645 2934 728 2999 Urbs
743 2935 884 3012 nutabat,
896 2944 934 2997 ut
947 2934 1060 3001 decem
1165 2944 1168 2999 ¹,

52 3013 132 3080 hand
146 3016 282 3100 amplias
297 3014 423 3080 dierum
436 3016 636 3085 frumentum
645 3017 681 3083 in
696 3014 817 3085 horreis
832 3016 938 3099 suerit,
953 3019 1025 3084 oiim
1038 3040 1060 3084 a
1166 3040 1169 3115 ξ

51 3098 237 3183 Vespasiano
252 3110 449 3185 commeatus
464 3103 652 3167 subvenere.
1167 3140 1168 3143 =

89 3186 175 3255 Llll.
197 3188 318 3251 Curam
333 3186 519 3251 restituendi
536 3186 678 3271 capitolii
692 3187 727 3252 in
747 3188 785 3252 L.
799 3185 969 3253 Vestinum
983 3210 1057 3255 con·
1167 3198 1168 3275 ζ

52 3268 114 3363 iert,
136 3273 302 3356 Equestris
327 3271 448 3339 ordinis
476 3292 591 3353 virum,
615 3272 671 3336 sed
701 3274 887 3339 auctoritate
910 3272 1058 3360 famique
1167 3284 1168 3357 j

53 3365 127 3420 mter
142 3376 294 3441 proceres.
339 3359 389 3421 Ab
403 3378 441 3421 eo
455 3358 609 3423 contracti
624 3360 816 3443 Haruspices
827 3360 989 3442 monuere,
1005 3370 1058 3428 ‘ut
1167 3386 1168 3417 r

54 3441 185 3535 reliquiae
196 3442 310 3525 prioris
322 3442 448 3506 delubri
458 3445 491 3507 in
503 3446 637 3527 paludes
649 3446 879 3510 avelrerentnr:
901 3448 1058 3529 templum

54 3522 159 3592 iisdem
179 3528 322 3609 vestigiis
348 3529 528 3593 sisteretur:
551 3532 638 3594 nolle
661 3533 758 3611 DeoS,
778 3530 896 3596 mutari
918 3542 1058 3595 veterem
1167 3608 1168 3611 Ἴ

55 3607 198 3677 formam.²
242 3612 421 3678 Undecimo
446 3616 612 3679 Kalendas
634 3616 747 3694 Julias,
768 3615 880 3680 sereni
901 3615 974 3676 luce
989 3635 1059 3693 spa·
1166 3633 1168 3658 ³

55 3701 130 3762 trum
142 3719 244 3783 omne,
259 3699 348 3783 qnod
361 3699 479 3782 templo
501 3700 676 3780 dicabatur,
689 3700 856 3764 evinctum
868 3695 957 3759 vittis
971 3713 1059 3757 coro·
1167 3698 1168 3701 ’
