2392 4050
128 152 192 218 152
493 155 814 258 G.Gcart.1'1¹acrrr
948 157 999 246 [A.
1013 158 1049 223 U.
1062 157 1124 223 822.

124 324 382 392 effundebantur.
426 326 551 408 Civilis,
577 327 695 394 omissi
719 330 928 415 oppugnandi
948 349 1011 414 spe,
1031 351 1124 396 rursm

125 432 183 496 per
195 411 299 566 ctrirltm
313 410 480 494 assidebat,
495 414 619 479 nuntiis
643 425 674 478 ct
688 416 853 500 promissis
867 416 967 481 fidem
981 417 1125 503 legionum

126 516 232 563 conve
256 517 323 563 ens.

169 583 294 651 XXXI.
317 583 396 648 Haec
410 582 445 649 in
462 584 637 650 Germania
661 595 735 650 ante
759 587 977 650 Cremonense
998 587 1126 670 pralium

124 680 228 821 gesta,
242 669 501 752 eujrseventum
513 671 612 735 literae
624 671 868 737 Primihntonii
880 671 1127 755 docueramus

154 755 265 823 acina
279 754 393 820 edicto.
437 755 481 821 Et
496 756 668 822 Praefectus
690 758 829 822 cohortis
850 758 988 840 evictis,
1006 760 1126 841 Alpinos

126 841 312 922 Montanus,
326 840 489 906 fortunam
499 842 641 925 partium
653 861 794 925 praesens
806 841 974 907 fatebatur.
1018 842 1127 908 Diversi

125 926 204 992 hinc
219 936 325 991 motus
338 926 529 994 animorum.
572 928 739 994 Auxiliare
755 928 873 1010 Gallia,
884 929 957 1012 quis
971 947 1032 994 nec
1046 947 1127 1008 amor,

124 1031 186 1077 aec
200 1011 313 1077 odium
326 1010 361 1075 in
372 1021 486 1096 partes,
501 1012 618 1078 militia
631 1014 702 1078 sine
716 1013 842 1093 affectu,
852 1013 1127 1080 hortantibusPre

124 1097 225 1178 fectis,
239 1096 349 1163 statim
371 1098 537 1164 aVitellio
558 1096 763 1165 desciscunt:
786 1111 879 1163 vetus
903 1099 998 1164 miles
1015 1109 1128 1165 cuncta-

124 1183 230 1250 batur.
272 1184 337 1250 Sed
351 1183 497 1271 adigente
512 1184 699 1252 Hordeonio
718 1186 847 1265 Flacco,
862 1184 1055 1251 instantibus
1069 1183 1128 1251 'Iri-

123 1269 229 1350 bunis,
251 1268 334 1335 dixit
347 1280 593 1351 sacramentum,
614 1290 681 1335 non
695 1272 800 1347 vultu,
815 1289 920 1353 neque
935 1270 1054 1353 animo,
1067 1273 1128 1336 satis

122 1354 305 1419 affirmans:
327 1367 368 1434 et,
383 1357 576 1420 climactera
590 1354 802 1438 jurisjurandi
817 1358 912 1420 verba
929 1357 1127 1440 conciperent,

124 1439 338 1524 ‘Vespasiani’
352 1459 471 1505 nomen
486 1440 679 1522 hesitantes,
695 1452 752 1506 aut
775 1442 840 1506 levi
854 1461 1022 1507 murmura
1035 1452 1064 1507 et
1074 1445 1129 1527 ple
1167 1519 1168 1530 ἵ

122 1543 259 1611 rumque
275 1526 412 1606 silentio,
427 1525 692 1592 transmittebant.
1167 1581 1168 1588 ,

167 1613 308 1679 XXXII.
330 1612 437 1677 Lectae
451 1610 567 1677 deindo
592 1633 650 1697 pro
665 1612 821 1678 concione
844 1612 987 1696 epistclae
1009 1612 1128 1681 Antonii

123 1697 165 1763 ad
180 1698 328 1777 Civilem,
349 1697 709 1781 suspicionesmilitum
730 1699 905 1778 inritavere,
927 1710 1077 1783 tanquam
1095 1697 1128 1761 ad

122 1783 250 1849 socium
263 1784 405 1867 partium
418 1784 550 1866 scripta,
566 1794 597 1848 et
611 1783 651 1847 de
667 1785 861 1849 Germanico
876 1786 1020 1851 exercitu
1044 1784 1127 1848 hosti·

123 1871 204 1935 liter.
246 1869 327 1935 Mox
349 1870 453 1934 allatis
480 1869 664 1933 Geldubam
686 1870 721 1935 in
745 1880 849 1934 castra
871 1871 1004 1951 nuntiis,
1030 1870 1127 1934 eaden

122 1956 210 2021 dicta
231 1954 396 2040 factaque:
419 1966 451 2018 et
476 1954 592 2022 missus
618 1974 695 2019 cum
716 1955 876 2020 mandatis
900 1957 1075 2021 Montanus
1094 1952 1127 2018 ad

123 2042 272 2122 Civilem,
299 2048 353 2105 ‘nt
366 2041 531 2106 absisteret
549 2042 652 2106 bello:
675 2061 758 2107 neve
778 2055 910 2108 externa
933 2044 1031 2108 armis
1051 2041 1127 2107 falsis

121 2128 252 2192 velaret.
296 2127 333 2193 Si
348 2127 581 2210 Vespasianum
591 2127 706 2208 juvare
720 2147 889 2214 aggressus
900 2127 990 2210 soret,
1002 2128 1128 2192 satisfac

123 2223 194 2277 turn
204 2211 336 2296 coeptisl
380 2211 431 2276 Ad
441 2231 481 2275 ea
492 2212 608 2279 civilis
620 2214 722 2296 primo
736 2213 872 2279 calliae:
895 2215 975 2296 post,
987 2214 1041 2278 uhi
1053 2211 1127 2278 videt
1166 2204 1167 2231 ¹

123 2298 318 2365 Montanum
331 2297 535 2381 praterocem
549 2298 688 2384 Ingenio,
704 2310 914 2383 paratumque
923 2300 958 2365 in
970 2320 1019 2364 res
1029 2316 1126 2373 novas,

122 2403 216 2449 orsus
231 2406 250 2447 a
263 2393 378 2468 questu
403 2383 628 2467 periculisque,
642 2405 714 2468 quae
732 2404 788 2468 per
810 2386 955 2468 quinque
979 2394 1011 2449 et
1025 2380 1126 2468 viginti

122 2489 225 2535 annos
239 2470 274 2534 in
286 2469 396 2534 castris
405 2469 560 2533 Romanis
569 2471 778 2549 exhausisset,
794 2471 1015 2559 ‘Egregium’
1025 2468 1125 2553 inquit,

122 2555 280 2640 ‘pretium
294 2554 411 2620 laboris
426 2554 539 2638 recepi,
556 2572 670 2629 necem
694 2555 799 2621 fratris
813 2566 845 2619 et
858 2555 993 2620 vincula
1017 2576 1085 2621 mea
1101 2563 1125 2615 et

122 2639 314 2705 sevissimos
329 2640 428 2722 hujus
443 2640 600 2705 exercitiis
614 2661 718 2721 voces,
742 2640 860 2725 quibus
884 2641 925 2705 ad
945 2642 1126 2727 supplicium
1164 2666 1165 2705 t

121 2725 248 2810 petitus,
270 2724 342 2806 jure
365 2725 513 2811 gentium
538 2745 650 2809 paenas
672 2746 813 2809 reposco.
857 2728 922 2790 Vos
938 2740 1043 2792 autem
1057 2726 1125 2789 'l're

123 2810 201 2894 veri,
212 2821 390 2895 ceteraeque
404 2811 614 2876 servientium
628 2811 751 2894 animae,
762 2811 850 2894 quod
860 2813 1033 2895 praemium
1044 2805 1124 2875 effusi

122 2898 239 2964 totiens
254 2897 420 2982 sanguinis
434 2899 615 2980 expectatis,
630 2897 694 2960 nisi
719 2899 877 2983 ingratam
899 2898 1054 2977 militiam,
1078 2897 1125 2959 im·

123 2983 271 3051 mortalia
285 2983 412 3065 tributa,
426 2982 542 3069 virgas,
557 3002 685 3048 secures
706 2994 737 3047 et
755 2982 963 3047 dominorum
985 2978 1122 3073 ingenia?

123 3072 178 3135 En
193 3091 253 3157 ego
268 3069 440 3135 Proefectus
454 3070 552 3134 unius
567 3068 707 3133 cohortis
726 3079 758 3132 et
772 3068 1000 3133 Canninefates
1014 3070 1124 3159 Batan-

122 3172 195 3238 que,
207 3155 326 3240 exigua
341 3156 521 3220 Galliarum
535 3155 648 3240 portio,
662 3174 747 3219 vana
760 3155 818 3218 illa
838 3165 1015 3219 castrorum
1038 3162 1122 3235 spattt

122 3239 310 3318 excidimus,
326 3243 377 3304 vel
392 3250 481 3324 septa
504 3240 586 3306 ferro
612 3240 759 3322 fameque
782 3240 979 3325 premimus:
1002 3239 1122 3318 demque

123 3343 219 3389 ausos
233 3334 289 3387 aut
304 3325 431 3388 libertas
446 3337 604 3407 sequetur,
625 3336 683 3388 aut
696 3326 774 3389 victi
790 3325 887 3390 iidem
901 3326 1040 3391 erimus?
1077 3319 1120 3385 Sit

122 3424 303 3487 accensum,
318 3408 374 3470 sed
399 3410 566 3474 ‘molliora
588 3411 712 3475 referre'
733 3409 871 3491 jussum,
885 3410 1027 3476 dimittit.
1066 3406 1119 3480 tle

122 3501 160 3555 ut
175 3490 281 3589 irritus
293 3492 468 3577 legationis,
483 3494 584 3575 rediit,
600 3506 705 3560 cetera
726 3496 944 3580 dissimulans,
967 3518 1038 3582 quae
1059 3505 1118 3561 mut

122 3593 178 3640 eru
222 3593 264 3638 re.

203 3657 329 3725 XXIII.
350 3658 474 3741 civilis,
485 3670 574 3743 parte
586 3665 752 3748 copiarum
760 3666 892 3751 retenti,
908 3677 1115 3736 varennas
