2392 4050
60 191 93 254 A.
108 190 142 255 C.
157 194 222 283 70.]
324 195 767 267 numennumen.
997 197 1061 262 177

57 383 148 449 usque
162 366 295 435 fortune
309 367 511 449 documenta,
523 387 565 432 ne
576 366 814 433 contumaciam
824 384 901 432 cum
912 367 1060 450 pernicie,

57 454 144 532 quern
163 453 352 538 obsequium
367 473 443 518 cum
456 455 633 535 securitate,
648 453 786 519 melitis?
830 450 908 517 'Peli
919 454 1061 518 oratioue

55 544 194 620 graviora
208 549 386 603 metuentes
398 539 576 624 composuit
587 539 761 623 erexitque.

90 625 227 690 LXXV.
264 625 475 689 Tenebantur
500 625 621 690 victore
645 626 789 690 exercitu
815 621 963 702 Treveri,
987 628 1062 689 cum

55 708 160 774 Civilis
174 719 207 774 et
222 711 385 774 Classicus
400 710 515 775 misere
529 711 678 794 epistolas
692 709 733 774 ad
744 709 911 789 Cerialem,
922 728 1063 791 quarum

52 794 280 862 haecsenteutia
294 793 373 860 fuit:
397 797 656 879 ‘Vespasianum
667 795 1062 880 quenquamnuntiosoc·

52 881 211 961 eniterent,
233 882 408 946 excessisse
422 882 500 946 vite.
544 882 665 946 Urbem
679 891 774 964 atque
788 880 915 946 ltaliam
933 878 1062 945 interno

52 965 126 1031 bello
140 976 355 1032 consumtum.
399 966 546 1032 Muciani
568 987 607 1031 ac
630 967 806 1032 Domitiani
828 986 914 1031 vana
936 975 969 1029 et
990 965 1062 1030 siue

50 1052 165 1117 viribus
179 1051 323 1118 nomina.
367 1053 403 1118 si
424 1052 561 1118 Cerialis
581 1052 755 1136 imperium
777 1052 960 1118 Galliarum
972 1052 1061 1132 velit,

51 1135 128 1218 ipsos
153 1137 275 1202 finibus
300 1139 467 1204 civitatum
492 1158 625 1203 suarum
649 1148 836 1220 contentos3
860 1137 888 1201 si
913 1137 1062 1220 prelium

50 1223 141 1303 malit,
156 1243 197 1289 ue
213 1222 248 1287 id
270 1223 402 1306 quidem
424 1226 584 1288 abnuere’
626 1222 679 1289 Ad
703 1243 742 1287 ea
767 1222 902 1289 Cerialis
916 1222 1015 1288 Civili
1029 1232 1062 1288 et

51 1306 185 1373 Classico
201 1308 286 1374 nihil
300 1330 307 1374 :
329 1329 415 1391 eum,
429 1310 486 1394 qui
500 1310 649 1374 attulerat
663 1310 747 1393 ipses
761 1309 919 1392 epistolas,
940 1308 982 1374 ad
997 1310 1062 1374 Do·

50 1393 214 1459 mitienum
234 1393 328 1459 misit.
372 1395 497 1476 Hostes,
514 1395 632 1477 ‚divisis
654 1394 765 1478 copiis,
787 1394 947 1461 advenere
968 1395 1063 1459 undi-

48 1495 113 1559 que.
156 1480 310 1563 Plerique
322 1481 498 1564 culpabant
512 1482 679 1563 Cerialem,
699 1501 830 1565 pessum
850 1479 957 1567 jungi,
979 1498 1061 1564 quos

49 1560 194 1629 discretos
209 1567 398 1650 intercipere
413 1565 565 1636 licuisset.
611 1567 777 1632 Romanus
786 1567 948 1631 exercitus
958 1578 1063 1631 castre

49 1647 127 1715 fossi
140 1652 293 1734 velleque
309 1651 528 1734 circumdedit,
542 1652 615 1734 quis
630 1653 748 1717 temere
760 1661 855 1716 entee
864 1651 977 1716 intutis
987 1669 1063 1716 con·

48 1733 174 1801 sederet.
220 1736 317 1820 Apud
334 1739 514 1803 Germanos
527 1737 663 1804 diversis
674 1737 840 1802 sententiis
850 1737 1039 1802 certabatur.

86 1822 242 1887 LXXVI.
266 1821 391 1902 Civilis,
408 1822 975 1906 ‘opperiendesTrensrhenanorum
985 1840 1062 1906 geu·

49 1914 98 1984 tes,
112 1927 252 1992 quorum
274 1918 393 1972 terrore
416 1906 523 1973 fracte
549 1908 667 1990 Populi
686 1907 825 1972 Romani
839 1906 924 1971 vires
943 1906 1063 1971 obtere-

49 2003 161 2058 rentur.
208 1993 323 2059 Gullos
336 1993 414 2078 quid
430 1992 529 2073 aliud,
543 1995 642 2077 quim
652 1993 795 2080 praedem
808 1991 1008 2060 victoribust
1029 1999 1062 2056 et

49 2086 158 2161 umen,
172 2079 262 2165 qnod
285 2079 407 2145 roboris
430 2080 485 2161 sit,
501 2080 628 2166 Belgas,
652 2100 764 2145 secum
784 2080 891 2163 polim
912 2088 967 2143 aut
985 2088 1061 2142 voto

49 2167 142 2228 stere’
187 2166 303 2245 Tutor,
325 2166 546 2230 ‘cunctatione
565 2186 707 2234 crescere
721 2184 791 2230 rem
804 2164 1003 2245 Romanum
1017 2161 1063 2229 af·

47 2245 197 2331 firmabat,
213 2251 421 2317 ‘coeuntibus
431 2250 575 2333 undique
585 2252 788 2317 exercitibus.
810 2251 1062 2326 ,Transvectam
1155 2251 1158 2256 ’

49 2334 244 2401 eBritennib
269 2336 447 2423 legionem:
470 2337 589 2401 accitas
614 2357 658 2403 ex
680 2335 856 2420 Hispaniis:
887 2334 1061 2400 adventare

49 2421 204 2488 exltalils:
227 2440 288 2486 nec
300 2423 445 2487 subitum
456 2421 599 2501 militem,
611 2422 667 2486 sed
679 2431 818 2486 veterem
829 2430 1062 2504 expertumque

49 2502 128 2572 belli.
172 2507 259 2573 Nem
272 2508 463 2589 Germanos,
475 2506 532 2590 qui
540 2507 580 2571 ab
590 2507 669 2590 ipsis
679 2516 855 2591 sperentur,
866 2523 931 2571 non
944 2503 1060 2587 juberi,

49 2607 108 2656 uon
130 2591 210 2679 regi,
224 2592 280 2657 sed
294 2607 413 2658 cuncta
424 2613 467 2658 ex
485 2592 617 2657 libidine
638 2612 752 2676 egere:
775 2590 1008 2677 pecuniamque
1022 2610 1063 2656 eo

49 2673 127 2743 done
151 2677 224 2763 quis
249 2677 328 2742 solis
342 2688 598 2763 corrumpentur,
611 2676 733 2759 majore
746 2677 833 2763 apud
844 2677 1018 2758 Romanos,
1029 2685 1062 2741 et

49 2765 206 2829 neminem
218 2762 298 2829 edeb
318 2764 353 2828 in
371 2784 463 2829 erma
484 2784 633 2848 pronum,
658 2774 696 2829 ut
719 2784 786 2830 non
812 2762 899 2828 idem
919 2763 1062 2847 pretium

49 2849 166 2930 quietis,
180 2851 279 2933 qu'am
292 2851 437 2934 periculi,
453 2850 553 2915 molit.
595 2848 698 2921 Quod
719 2850 747 2915 si
768 2850 877 2914 statim
895 2846 1061 2935 congredi-

49 2945 146 3014 autur,
161 2938 269 3001 nullas
283 2954 353 2999 esse
369 2935 498 3015 Ceriali,
511 2936 573 3000 nisi
588 2955 631 2999 ex
644 2934 789 3018 reliquiis
805 2932 992 3010 Germanici
1006 2951 1062 2997 ex·

49 3018 167 3103 orcitus,
182 3019 337 3127 legiones⁴
358 3019 529 3086 federibus
544 3019 729 3084 Galliarum
743 3020 917 3084 obstrictas.
959 3016 1063 3101 qum

49 3098 159 3186 ipsum,
173 3104 261 3190 quod
275 3105 474 3170 inconditam
497 3125 602 3188 nuper
616 3104 779 3172 Valentini
801 3121 936 3170 manum
949 3114 1062 3167 contre

50 3204 134 3268 spem
147 3211 239 3266 suam
256 3190 407 3271 uiderint,
421 3191 612 3257 alimentum
626 3188 691 3254 illis
707 3189 856 3273 Ducique
869 3188 1062 3255 temeritatis.

51 3271 188 3342 Ausuros
202 3296 323 3357 rursus,
338 3286 553 3361 venturosque
565 3275 600 3341 in
616 3294 741 3355 manus,
753 3293 819 3340 non
833 3274 971 3360 imperiti
985 3275 1062 3340 edo-

51 3354 219 3445 lesceutuli,
235 3363 334 3428 verbe
348 3372 380 3426 et
392 3361 574 3444 conciones,
589 3362 688 3444 quim
703 3359 824 3426 sermm
837 3370 868 3427 et
882 3380 980 3442 arms,
996 3381 1061 3426 me-

52 3439 182 3529 ditantis,
206 3448 262 3514 sed
286 3447 402 3512 Civilis
426 3460 458 3512 et
486 3447 642 3514 Classici:
674 3467 756 3531 quos
784 3446 841 3513 ubi
866 3447 1059 3532 aspexerint,

53 3527 217 3623 redituram
241 3533 276 3598 in
301 3533 425 3598 anirnos
444 3532 660 3614 formidinem,
683 3532 796 3619 fugam
817 3532 997 3615 fomemque
1019 3549 1060 3594 ae

53 3619 159 3683 bueus
173 3618 274 3704 ceptis
288 3618 465 3702 precariam
477 3618 595 3684 vitem:
619 3637 723 3700 neque
735 3618 897 3682 Treveros
912 3613 1061 3704 aut-Lin-

53 3714 146 3783 gonus
165 3703 389 3774 benevolentiis
402 3703 578 3770 conbusti:
600 3711 798 3770 resumturos
812 3716 910 3776 ortuo,
924 3696 982 3759 ubi
996 3709 1061 3756 me·
