<?xml version="1.0" encoding="UTF-8"?>
<!DOCTYPE html PUBLIC "-//W3C//DTD XHTML 1.0 Transitional//EN"
    "http://www.w3.org/TR/xhtml1/DTD/xhtml1-transitional.dtd">
<html xmlns="http://www.w3.org/1999/xhtml" xml:lang="en" lang="en">
 <head>
  <title>
</title>
<meta http-equiv="Content-Type" content="text/html;charset=utf-8" />
  <meta name='ocr-system' content='tesseract 3.04.00' />
  <meta name='ocr-capabilities' content='ocr_page ocr_carea ocr_par ocr_line ocrx_word'/>
</head>
<body>
  <div class='ocr_page' id='page_1' title='image "./ccorneliitaciti37tacigoog_0228.png"; bbox 0 0 2392 4050; ppageno 0'>
   <div class='ocr_carea' id='block_1_1' title="bbox 58 203 1062 296">
    <p class='ocr_par' dir='ltr' id='par_1_1' title="bbox 58 203 1062 296">
     <span class='ocr_line' id='line_1_1' title="bbox 58 203 1062 296; baseline 0.002 -27"><span class='ocrx_word' id='word_1_1' title='bbox 58 203 91 269; x_wconf 68' lang='lat' dir='ltr'>L</span> <span class='ocrx_word' id='word_1_2' title='bbox 106 204 140 268; x_wconf 83' lang='lat' dir='ltr'><strong>G.</strong></span> <span class='ocrx_word' id='word_1_3' title='bbox 155 205 218 296; x_wconf 69' lang='lat' dir='ltr'><strong>dib]</strong></span> <span class='ocrx_word' id='word_1_4' title='bbox 335 205 486 270; x_wconf 75' lang='lat' dir='ltr'><strong>Hieron.</strong></span> <span class='ocrx_word' id='word_1_5' title='bbox 501 204 580 269; x_wconf 83' lang='lat' dir='ltr'><strong>Lra.</strong></span> <span class='ocrx_word' id='word_1_6' title='bbox 597 203 776 270; x_wconf 73' lang='lat' dir='ltr'><strong>&#39;suerrus</strong></span> <span class='ocrx_word' id='word_1_7' title='bbox 1000 207 1062 272; x_wconf 93' lang='lat' dir='ltr'><strong>lll</strong></span> 
     </span>
    </p>
   </div>
   <div class='ocr_carea' id='block_1_2' title="bbox 23 374 1067 2773">
    <p class='ocr_par' dir='ltr' id='par_1_2' title="bbox 23 374 1067 2773">
     <span class='ocr_line' id='line_1_2' title="bbox 56 374 1064 460; baseline 0.005 -22"><span class='ocrx_word' id='word_1_8' title='bbox 56 376 125 440; x_wconf 87' lang='lat' dir='ltr'><strong>urbe</strong></span> <span class='ocrx_word' id='word_1_9' title='bbox 139 396 175 440; x_wconf 87' lang='lat' dir='ltr'><strong>ac</strong></span> <span class='ocrx_word' id='word_1_10' title='bbox 189 374 263 439; x_wconf 87' lang='lat' dir='ltr'><strong>sinu</strong></span> <span class='ocrx_word' id='word_1_11' title='bbox 275 376 457 442; x_wconf 85' lang='lat' dir='ltr'><strong>cavendum</strong></span> <span class='ocrx_word' id='word_1_12' title='bbox 472 375 607 456; x_wconf 87' lang='lat' dir='ltr'><strong>hostem,</strong></span> <span class='ocrx_word' id='word_1_13' title='bbox 622 376 740 441; x_wconf 79' lang='lat' dir='ltr'><strong>Junios&#39;</strong></span> <span class='ocrx_word' id='word_1_14' title='bbox 749 374 971 460; x_wconf 74' lang='lat' dir='ltr'><strong>Antoniosque</strong></span> <span class='ocrx_word' id='word_1_15' title='bbox 985 397 1064 443; x_wconf 82' lang='lat' dir='ltr'><strong>avos</strong></span> 
     </span>
     <span class='ocr_line' id='line_1_3' title="bbox 53 459 1066 547; baseline 0.004 -24"><span class='ocrx_word' id='word_1_16' title='bbox 53 459 224 540; x_wconf 86' lang='lat' dir='ltr'><strong>jaetantem,</strong></span> <span class='ocrx_word' id='word_1_17' title='bbox 245 463 302 544; x_wconf 89' lang='lat' dir='ltr'><strong>qui</strong></span> <span class='ocrx_word' id='word_1_18' title='bbox 317 482 352 526; x_wconf 84' lang='lat' dir='ltr'><strong>se</strong></span> <span class='ocrx_word' id='word_1_19' title='bbox 365 462 464 545; x_wconf 78' lang='lat' dir='ltr'>stirpe</span> <span class='ocrx_word' id='word_1_20' title='bbox 487 463 536 526; x_wconf 92' lang='lat' dir='ltr'><strong>Irn</strong></span> <span class='ocrx_word' id='word_1_21' title='bbox 578 462 705 544; x_wconf 77' lang='lat' dir='ltr'><strong>raterii,</strong></span> <span class='ocrx_word' id='word_1_22' title='bbox 727 482 853 527; x_wconf 86' lang='lat' dir='ltr'><strong>comem</strong></span> <span class='ocrx_word' id='word_1_23' title='bbox 866 481 904 525; x_wconf 90' lang='lat' dir='ltr'><strong>ac</strong></span> <span class='ocrx_word' id='word_1_24' title='bbox 919 463 1066 547; x_wconf 83' lang='lat' dir='ltr'><strong>magnili-</strong></span> 
     </span>
     <span class='ocr_line' id='line_1_4' title="bbox 56 545 1065 632; baseline 0.003 -23"><span class='ocrx_word' id='word_1_25' title='bbox 56 566 124 612; x_wconf 90' lang='lat' dir='ltr'><strong>cum</strong></span> <span class='ocrx_word' id='word_1_26' title='bbox 144 545 311 630; x_wconf 81' lang='lat' dir='ltr'><strong>militibus,</strong></span> <span class='ocrx_word' id='word_1_27' title='bbox 335 558 480 613; x_wconf 73' lang='lat' dir='ltr'><strong>ostentet.</strong></span> <span class='ocrx_word' id='word_1_28' title='bbox 552 567 639 610; x_wconf 77' lang='lat' dir='ltr'><strong>ersus</strong></span> <span class='ocrx_word' id='word_1_29' title='bbox 660 548 740 613; x_wconf 90' lang='lat' dir='ltr'><strong>illuc</strong></span> <span class='ocrx_word' id='word_1_30' title='bbox 765 547 912 611; x_wconf 89' lang='lat' dir='ltr'><strong>omnium</strong></span> <span class='ocrx_word' id='word_1_31' title='bbox 933 559 1065 632; x_wconf 83' lang='lat' dir='ltr'><strong>mentes,</strong></span> 
     </span>
     <span class='ocr_line' id='line_1_5' title="bbox 54 630 1067 719; baseline 0.002 -24"><span class='ocrx_word' id='word_1_32' title='bbox 54 630 125 698; x_wconf 91' lang='lat' dir='ltr'><strong>dum</strong></span> <span class='ocrx_word' id='word_1_33' title='bbox 139 632 298 712; x_wconf 76' lang='lat' dir='ltr'><strong>Vitellius,</strong></span> <span class='ocrx_word' id='word_1_34' title='bbox 323 634 502 699; x_wconf 87' lang='lat' dir='ltr'><strong>amicorum</strong></span> <span class='ocrx_word' id='word_1_35' title='bbox 523 633 793 716; x_wconf 85' lang='lat' dir='ltr'><strong>inimicorumque</strong></span> <span class='ocrx_word' id='word_1_36' title='bbox 817 631 994 719; x_wconf 82' lang='lat' dir='ltr'><strong>negligens,</strong></span> <span class='ocrx_word' id='word_1_37' title='bbox 1020 632 1067 697; x_wconf 83' lang='lat' dir='ltr'><strong>so·</strong></span> 
     </span>
     <span class='ocr_line' id='line_1_6' title="bbox 56 718 1067 803; baseline 0.002 -22"><span class='ocrx_word' id='word_1_38' title='bbox 56 730 122 782; x_wconf 85' lang='lat' dir='ltr'><strong>reat</strong></span> <span class='ocrx_word' id='word_1_39' title='bbox 136 719 300 798; x_wconf 79' lang='lat' dir='ltr'><strong>emulum,</strong></span> <span class='ocrx_word' id='word_1_40' title='bbox 323 718 483 803; x_wconf 83' lang='lat' dir='ltr'><strong>Principis</strong></span> <span class='ocrx_word' id='word_1_41' title='bbox 504 719 629 783; x_wconf 86' lang='lat' dir='ltr'><strong>labores</strong></span> <span class='ocrx_word' id='word_1_42' title='bbox 649 739 668 782; x_wconf 84' lang='lat' dir='ltr'><strong>a</strong></span> <span class='ocrx_word' id='word_1_43' title='bbox 689 719 842 799; x_wconf 72' lang='lat' dir='ltr'><strong>convivio</strong></span> <span class='ocrx_word' id='word_1_44' title='bbox 864 730 1067 802; x_wconf 85' lang='lat' dir='ltr'><strong>prospectan-</strong></span> 
     </span>
     <span class='ocr_line' id='line_1_7' title="bbox 55 801 1067 888; baseline 0.004 -22"><span class='ocrx_word' id='word_1_45' title='bbox 55 816 120 867; x_wconf 90' lang='lat' dir='ltr'><strong>tem.</strong></span> <span class='ocrx_word' id='word_1_46' title='bbox 162 801 375 868; x_wconf 77' lang='lat' dir='ltr'><strong>Reddendum</strong></span> <span class='ocrx_word' id='word_1_47' title='bbox 397 824 455 888; x_wconf 92' lang='lat' dir='ltr'><strong>pro</strong></span> <span class='ocrx_word' id='word_1_48' title='bbox 478 803 703 887; x_wconf 73' lang='lat' dir='ltr'><strong>intempestiva</strong></span> <span class='ocrx_word' id='word_1_49' title='bbox 728 804 838 870; x_wconf 73' lang='lat' dir='ltr'><strong>laetitib</strong></span> <span class='ocrx_word' id='word_1_50' title='bbox 863 815 1012 868; x_wconf 85' lang='lat' dir='ltr'><strong>moestam</strong></span> <span class='ocrx_word' id='word_1_51' title='bbox 1033 815 1067 870; x_wconf 87' lang='lat' dir='ltr'><strong>et</strong></span> 
     </span>
     <span class='ocr_line' id='line_1_8' title="bbox 52 886 1064 973; baseline 0.006 -22"><span class='ocrx_word' id='word_1_52' title='bbox 52 886 211 953; x_wconf 83' lang='lat' dir='ltr'><strong>funebrem</strong></span> <span class='ocrx_word' id='word_1_53' title='bbox 224 899 362 969; x_wconf 88' lang='lat' dir='ltr'><strong>noctem,</strong></span> <span class='ocrx_word' id='word_1_54' title='bbox 377 890 441 973; x_wconf 75' lang='lat' dir='ltr'><strong>quai</strong></span> <span class='ocrx_word' id='word_1_55' title='bbox 456 889 536 954; x_wconf 84' lang='lat' dir='ltr'><strong>sciat</strong></span> <span class='ocrx_word' id='word_1_56' title='bbox 548 902 581 952; x_wconf 92' lang='lat' dir='ltr'><strong>et</strong></span> <span class='ocrx_word' id='word_1_57' title='bbox 593 890 719 969; x_wconf 88' lang='lat' dir='ltr'><strong>sentiat,</strong></span> <span class='ocrx_word' id='word_1_58' title='bbox 735 891 844 954; x_wconf 81' lang='lat' dir='ltr'><strong>vivere</strong></span> <span class='ocrx_word' id='word_1_59' title='bbox 851 889 1020 955; x_wconf 87' lang='lat' dir='ltr'><strong>Vitellium</strong></span> <span class='ocrx_word' id='word_1_60' title='bbox 1031 899 1064 957; x_wconf 86' lang='lat' dir='ltr'><strong>et</strong></span> 
     </span>
     <span class='ocr_line' id='line_1_9' title="bbox 54 974 901 1058; baseline 0.004 -21"><span class='ocrx_word' id='word_1_61' title='bbox 54 974 211 1057; x_wconf 87' lang='lat' dir='ltr'><strong>imperare,</strong></span> <span class='ocrx_word' id='word_1_62' title='bbox 227 985 266 1056; x_wconf 92' lang='lat' dir='ltr'><strong>et,</strong></span> <span class='ocrx_word' id='word_1_63' title='bbox 281 975 402 1058; x_wconf 90' lang='lat' dir='ltr'><strong>siquid</strong></span> <span class='ocrx_word' id='word_1_64' title='bbox 417 974 482 1039; x_wconf 80' lang='lat' dir='ltr'><strong>sato</strong></span> <span class='ocrx_word' id='word_1_65' title='bbox 498 975 630 1054; x_wconf 88' lang='lat' dir='ltr'><strong>accidat,</strong></span> <span class='ocrx_word' id='word_1_66' title='bbox 644 975 752 1039; x_wconf 87' lang='lat' dir='ltr'><strong>lilium</strong></span> <span class='ocrx_word' id='word_1_67' title='bbox 765 976 901 1040; x_wconf 67' lang='lat' dir='ltr'><strong>haben!</strong></span> 
     </span>
     <span class='ocr_line' id='line_1_10' title="bbox 95 1060 1067 1145; baseline -0.003 -16"><span class='ocrx_word' id='word_1_68' title='bbox 95 1060 258 1129; x_wconf 87' lang='lat' dir='ltr'>XXXIX.</span> <span class='ocrx_word' id='word_1_69' title='bbox 282 1060 475 1143; x_wconf 81' lang='lat' dir='ltr'><strong>Trepidanti</strong></span> <span class='ocrx_word' id='word_1_70' title='bbox 497 1062 580 1124; x_wconf 90' lang='lat' dir='ltr'><strong>inter</strong></span> <span class='ocrx_word' id='word_1_71' title='bbox 605 1062 712 1124; x_wconf 89' lang='lat' dir='ltr'><strong>scelus</strong></span> <span class='ocrx_word' id='word_1_72' title='bbox 736 1072 931 1145; x_wconf 87' lang='lat' dir='ltr'><strong>metumque,</strong></span> <span class='ocrx_word' id='word_1_73' title='bbox 953 1079 996 1125; x_wconf 90' lang='lat' dir='ltr'><strong>ne</strong></span> <span class='ocrx_word' id='word_1_74' title='bbox 1020 1060 1067 1126; x_wconf 87' lang='lat' dir='ltr'><strong>di·</strong></span> 
     </span>
     <span class='ocr_line' id='line_1_11' title="bbox 53 1144 1066 1230; baseline 0.003 -22"><span class='ocrx_word' id='word_1_75' title='bbox 53 1144 111 1209; x_wconf 86' lang='lat' dir='ltr'><strong>lata</strong></span> <span class='ocrx_word' id='word_1_76' title='bbox 124 1145 224 1209; x_wconf 86' lang='lat' dir='ltr'><strong>Bloesi</strong></span> <span class='ocrx_word' id='word_1_77' title='bbox 247 1164 333 1210; x_wconf 86' lang='lat' dir='ltr'><strong>mors</strong></span> <span class='ocrx_word' id='word_1_78' title='bbox 355 1153 515 1212; x_wconf 74' lang='lat' dir='ltr'><strong>ruituram</strong></span> <span class='ocrx_word' id='word_1_79' title='bbox 537 1146 723 1230; x_wconf 83' lang='lat' dir='ltr'><strong>perniciem,</strong></span> <span class='ocrx_word' id='word_1_80' title='bbox 746 1147 853 1229; x_wconf 79' lang='lat' dir='ltr'><strong>palim</strong></span> <span class='ocrx_word' id='word_1_81' title='bbox 870 1146 962 1228; x_wconf 88' lang='lat' dir='ltr'><strong>jussa</strong></span> <span class='ocrx_word' id='word_1_82' title='bbox 983 1157 1066 1221; x_wconf 86' lang='lat' dir='ltr'><strong>atro-</strong></span> 
     </span>
     <span class='ocr_line' id='line_1_12' title="bbox 51 1229 1067 1318; baseline 0.005 -25"><span class='ocrx_word' id='word_1_83' title='bbox 51 1249 115 1295; x_wconf 84' lang='lat' dir='ltr'><strong>cem</strong></span> <span class='ocrx_word' id='word_1_84' title='bbox 136 1229 305 1313; x_wconf 81' lang='lat' dir='ltr'><strong>invidiam,</strong></span> <span class='ocrx_word' id='word_1_85' title='bbox 326 1231 429 1311; x_wconf 73' lang='lat' dir='ltr'><strong>ferret,</strong></span> <span class='ocrx_word' id='word_1_86' title='bbox 449 1232 573 1317; x_wconf 77' lang='lat' dir='ltr'><strong>placuit</strong></span> <span class='ocrx_word' id='word_1_87' title='bbox 592 1251 719 1296; x_wconf 86' lang='lat' dir='ltr'><strong>veneno</strong></span> <span class='ocrx_word' id='word_1_88' title='bbox 740 1233 888 1318; x_wconf 82' lang='lat' dir='ltr'><strong>grassari.</strong></span> <span class='ocrx_word' id='word_1_89' title='bbox 931 1231 1067 1298; x_wconf 81' lang='lat' dir='ltr'><strong>Addidit</strong></span> 
     </span>
     <span class='ocr_line' id='line_1_13' title="bbox 51 1313 1066 1402; baseline 0.004 -22"><span class='ocrx_word' id='word_1_90' title='bbox 51 1313 178 1380; x_wconf 75' lang='lat' dir='ltr'><strong>facinori</strong></span> <span class='ocrx_word' id='word_1_91' title='bbox 193 1315 292 1380; x_wconf 87' lang='lat' dir='ltr'><strong>fidem</strong></span> <span class='ocrx_word' id='word_1_92' title='bbox 313 1317 414 1382; x_wconf 93' lang='lat' dir='ltr'><strong>nobili</strong></span> <span class='ocrx_word' id='word_1_93' title='bbox 437 1317 566 1402; x_wconf 82' lang='lat' dir='ltr'><strong>gaudio,</strong></span> <span class='ocrx_word' id='word_1_94' title='bbox 589 1316 734 1383; x_wconf 86' lang='lat' dir='ltr'><strong>Blaesurn</strong></span> <span class='ocrx_word' id='word_1_95' title='bbox 758 1318 914 1382; x_wconf 81' lang='lat' dir='ltr'><strong>visendo:</strong></span> <span class='ocrx_word' id='word_1_96' title='bbox 935 1318 1018 1400; x_wconf 91' lang='lat' dir='ltr'><strong>quin</strong></span> <span class='ocrx_word' id='word_1_97' title='bbox 1032 1328 1066 1384; x_wconf 84' lang='lat' dir='ltr'><strong>at</strong></span> 
     </span>
     <span class='ocr_line' id='line_1_14' title="bbox 51 1400 1065 1489; baseline 0.004 -24"><span class='ocrx_word' id='word_1_98' title='bbox 51 1400 155 1465; x_wconf 86' lang='lat' dir='ltr'><strong>audita</strong></span> <span class='ocrx_word' id='word_1_99' title='bbox 168 1413 216 1465; x_wconf 90' lang='lat' dir='ltr'><strong>est</strong></span> <span class='ocrx_word' id='word_1_100' title='bbox 229 1401 405 1466; x_wconf 81' lang='lat' dir='ltr'><strong>saevissima</strong></span> <span class='ocrx_word' id='word_1_101' title='bbox 419 1402 540 1467; x_wconf 88' lang='lat' dir='ltr'><strong>Vitellii</strong></span> <span class='ocrx_word' id='word_1_102' title='bbox 555 1422 629 1482; x_wconf 87' lang='lat' dir='ltr'><strong>vox,</strong></span> <span class='ocrx_word' id='word_1_103' title='bbox 644 1403 710 1484; x_wconf 72' lang='lat' dir='ltr'><strong>quai</strong></span> <span class='ocrx_word' id='word_1_104' title='bbox 725 1405 786 1468; x_wconf 83' lang='lat' dir='ltr'><strong>‘se&#39;</strong></span> <span class='ocrx_word' id='word_1_105' title='bbox 800 1403 883 1489; x_wconf 84' lang='lat' dir='ltr'><strong>(ipsa</strong></span> <span class='ocrx_word' id='word_1_106' title='bbox 896 1403 984 1468; x_wconf 88' lang='lat' dir='ltr'><strong>enim</strong></span> <span class='ocrx_word' id='word_1_107' title='bbox 995 1423 1065 1469; x_wconf 84' lang='lat' dir='ltr'><strong>ver·</strong></span> 
     </span>
     <span class='ocr_line' id='line_1_15' title="bbox 50 1485 1063 1576; baseline 0.005 -26"><span class='ocrx_word' id='word_1_108' title='bbox 50 1485 85 1550; x_wconf 85' lang='lat' dir='ltr'><strong>bn</strong></span> <span class='ocrx_word' id='word_1_109' title='bbox 99 1486 249 1576; x_wconf 81' lang='lat' dir='ltr'><strong>referam)</strong></span> <span class='ocrx_word' id='word_1_110' title='bbox 270 1489 412 1572; x_wconf 86' lang='lat' dir='ltr'><strong>‘pavisse</strong></span> <span class='ocrx_word' id='word_1_111' title='bbox 426 1489 547 1568; x_wconf 85' lang='lat' dir='ltr'><strong>oeulos,</strong></span> <span class='ocrx_word' id='word_1_112' title='bbox 563 1489 704 1571; x_wconf 73' lang='lat' dir='ltr'><strong>spectati</strong></span> <span class='ocrx_word' id='word_1_113' title='bbox 718 1488 843 1554; x_wconf 86' lang='lat' dir='ltr'><strong>inimici</strong></span> <span class='ocrx_word' id='word_1_114' title='bbox 857 1490 978 1570; x_wconf 86' lang='lat' dir='ltr'><strong>morte,’</strong></span> <span class='ocrx_word' id='word_1_115' title='bbox 995 1488 1063 1571; x_wconf 85' lang='lat' dir='ltr'><strong>jac·</strong></span> 
     </span>
     <span class='ocr_line' id='line_1_16' title="bbox 51 1572 1066 1661; baseline 0.006 -25"><span class='ocrx_word' id='word_1_116' title='bbox 51 1572 133 1636; x_wconf 85' lang='lat' dir='ltr'><strong>tavit.</strong></span> <span class='ocrx_word' id='word_1_117' title='bbox 177 1573 291 1653; x_wconf 83' lang='lat' dir='ltr'><strong>Bloeso,</strong></span> <span class='ocrx_word' id='word_1_118' title='bbox 316 1592 413 1656; x_wconf 86' lang='lat' dir='ltr'><strong>super</strong></span> <span class='ocrx_word' id='word_1_119' title='bbox 435 1574 613 1638; x_wconf 70' lang='lat' dir='ltr'><strong>claritatem</strong></span> <span class='ocrx_word' id='word_1_120' title='bbox 635 1575 794 1639; x_wconf 90' lang='lat' dir='ltr'><strong>natalium</strong></span> <span class='ocrx_word' id='word_1_121' title='bbox 815 1586 848 1639; x_wconf 85' lang='lat' dir='ltr'><strong>et</strong></span> <span class='ocrx_word' id='word_1_122' title='bbox 869 1576 1066 1661; x_wconf 83' lang='lat' dir='ltr'><strong>elegantiam</strong></span> 
     </span>
     <span class='ocr_line' id='line_1_17' title="bbox 50 1657 1065 1746; baseline 0.003 -24"><span class='ocrx_word' id='word_1_123' title='bbox 50 1676 181 1734; x_wconf 89' lang='lat' dir='ltr'><strong>morum,</strong></span> <span class='ocrx_word' id='word_1_124' title='bbox 203 1657 280 1722; x_wconf 90' lang='lat' dir='ltr'><strong>fidei</strong></span> <span class='ocrx_word' id='word_1_125' title='bbox 303 1658 473 1723; x_wconf 85' lang='lat' dir='ltr'><strong>obstinatio</strong></span> <span class='ocrx_word' id='word_1_126' title='bbox 487 1657 560 1723; x_wconf 86' lang='lat' dir='ltr'><strong>suit.</strong></span> <span class='ocrx_word' id='word_1_127' title='bbox 604 1660 742 1746; x_wconf 83' lang='lat' dir='ltr'><strong>Integris</strong></span> <span class='ocrx_word' id='word_1_128' title='bbox 762 1679 893 1743; x_wconf 89' lang='lat' dir='ltr'><strong>quoque</strong></span> <span class='ocrx_word' id='word_1_129' title='bbox 915 1662 1021 1741; x_wconf 84' lang='lat' dir='ltr'><strong>rebus,</strong></span> <span class='ocrx_word' id='word_1_130' title='bbox 1043 1681 1065 1726; x_wconf 88' lang='lat' dir='ltr'><strong>a</strong></span> 
     </span>
     <span class='ocr_line' id='line_1_18' title="bbox 51 1742 1065 1830; baseline 0.005 -24"><span class='ocrx_word' id='word_1_131' title='bbox 51 1742 176 1807; x_wconf 79' lang='lat' dir='ltr'><strong>Caeeini</strong></span> <span class='ocrx_word' id='word_1_132' title='bbox 189 1755 223 1807; x_wconf 93' lang='lat' dir='ltr'><strong>et</strong></span> <span class='ocrx_word' id='word_1_133' title='bbox 242 1743 436 1827; x_wconf 89' lang='lat' dir='ltr'><strong>primoribus</strong></span> <span class='ocrx_word' id='word_1_134' title='bbox 455 1746 604 1830; x_wconf 86' lang='lat' dir='ltr'><strong>partium,</strong></span> <span class='ocrx_word' id='word_1_135' title='bbox 623 1744 692 1826; x_wconf 85' lang='lat' dir='ltr'><strong>jam</strong></span> <span class='ocrx_word' id='word_1_136' title='bbox 706 1745 875 1810; x_wconf 87' lang='lat' dir='ltr'><strong>Vitellium</strong></span> <span class='ocrx_word' id='word_1_137' title='bbox 893 1765 1065 1829; x_wconf 84' lang='lat' dir='ltr'><strong>aspernen-</strong></span> 
     </span>
     <span class='ocr_line' id='line_1_19' title="bbox 48 1828 1064 1928; baseline 0.002 -37"><span class='ocrx_word' id='word_1_138' title='bbox 48 1828 136 1909; x_wconf 86' lang='lat' dir='ltr'><strong>tibus,</strong></span> <span class='ocrx_word' id='word_1_139' title='bbox 151 1829 297 1909; x_wconf 80' lang='lat' dir='ltr'><strong>ambitus,</strong></span> <span class='ocrx_word' id='word_1_140' title='bbox 313 1831 452 1894; x_wconf 85' lang='lat' dir='ltr'><strong>abnuere</strong></span> <span class='ocrx_word' id='word_1_141' title='bbox 463 1830 695 1928; x_wconf 84' lang='lat' dir='ltr'><strong>perseveravit:</strong></span> <span class='ocrx_word' id='word_1_142' title='bbox 718 1843 859 1911; x_wconf 84' lang='lat' dir='ltr'><strong>sanctus,</strong></span> <span class='ocrx_word' id='word_1_143' title='bbox 871 1830 1064 1913; x_wconf 76' lang='lat' dir='ltr'><strong>mturbidm,</strong></span> 
     </span>
     <span class='ocr_line' id='line_1_20' title="bbox 49 1913 1064 2000; baseline 0.003 -22"><span class='ocrx_word' id='word_1_144' title='bbox 49 1915 169 1980; x_wconf 89' lang='lat' dir='ltr'><strong>nullius</strong></span> <span class='ocrx_word' id='word_1_145' title='bbox 183 1913 343 1997; x_wconf 87' lang='lat' dir='ltr'><strong>repentini</strong></span> <span class='ocrx_word' id='word_1_146' title='bbox 357 1914 499 1996; x_wconf 80' lang='lat' dir='ltr'><strong>honoris,</strong></span> <span class='ocrx_word' id='word_1_147' title='bbox 514 1914 594 1979; x_wconf 86' lang='lat' dir='ltr'><strong>adab</strong></span> <span class='ocrx_word' id='word_1_148' title='bbox 608 1935 675 1979; x_wconf 89' lang='lat' dir='ltr'><strong>non</strong></span> <span class='ocrx_word' id='word_1_149' title='bbox 687 1914 889 2000; x_wconf 82' lang='lat' dir='ltr'><strong>Principatris</strong></span> <span class='ocrx_word' id='word_1_150' title='bbox 903 1926 1064 2000; x_wconf 80' lang='lat' dir='ltr'><strong>appetent,</strong></span> 
     </span>
     <span class='ocr_line' id='line_1_21' title="bbox 42 1999 1057 2097; baseline 0.001 -30"><span class='ocrx_word' id='word_1_151' title='bbox 42 2002 150 2083; x_wconf 82' lang='lat' dir='ltr'><strong>partim</strong></span> <span class='ocrx_word' id='word_1_152' title='bbox 175 1999 340 2097; x_wconf 81' lang='lat' dir='ltr'><strong>effugerat,</strong></span> <span class='ocrx_word' id='word_1_153' title='bbox 362 2019 404 2066; x_wconf 87' lang='lat' dir='ltr'><strong>ne</strong></span> <span class='ocrx_word' id='word_1_154' title='bbox 417 1999 450 2066; x_wconf 92' lang='lat' dir='ltr'><strong>di</strong></span> <span class='ocrx_word' id='word_1_155' title='bbox 497 2020 536 2065; x_wconf 88' lang='lat' dir='ltr'><strong>us</strong></span> <span class='ocrx_word' id='word_1_156' title='bbox 551 1999 743 2068; x_wconf 80' lang='lat' dir='ltr'><strong>crederetur.</strong></span> <span class='ocrx_word' id='word_1_157' title='bbox 1055 2035 1057 2037; x_wconf 95' lang='lat'>·</span> 
     </span>
     <span class='ocr_line' id='line_1_22' title="bbox 85 2086 1067 2168; baseline 0.004 -16"><span class='ocrx_word' id='word_1_158' title='bbox 85 2088 158 2152; x_wconf 88' lang='lat' dir='ltr'><strong>XL.</strong></span> <span class='ocrx_word' id='word_1_159' title='bbox 181 2086 303 2151; x_wconf 79' lang='lat' dir='ltr'><strong>Februa</strong></span> <span class='ocrx_word' id='word_1_160' title='bbox 317 2086 446 2151; x_wconf 88' lang='lat' dir='ltr'><strong>interim</strong></span> <span class='ocrx_word' id='word_1_161' title='bbox 487 2088 585 2168; x_wconf 87' lang='lat' dir='ltr'><strong>alens,</strong></span> <span class='ocrx_word' id='word_1_162' title='bbox 596 2088 698 2151; x_wconf 90' lang='lat' dir='ltr'><strong>multo</strong></span> <span class='ocrx_word' id='word_1_163' title='bbox 713 2107 751 2151; x_wconf 90' lang='lat' dir='ltr'><strong>ac</strong></span> <span class='ocrx_word' id='word_1_164' title='bbox 764 2088 855 2152; x_wconf 89' lang='lat' dir='ltr'><strong>molli</strong></span> <span class='ocrx_word' id='word_1_165' title='bbox 869 2088 1067 2156; x_wconf 61' lang='lat' dir='ltr'><strong>concubium</strong></span> 
     </span>
     <span class='ocr_line' id='line_1_23' title="bbox 47 2172 1065 2259; baseline 0.008 -26"><span class='ocrx_word' id='word_1_166' title='bbox 47 2189 116 2237; x_wconf 90' lang='lat' dir='ltr'><strong>rum</strong></span> <span class='ocrx_word' id='word_1_167' title='bbox 129 2173 373 2256; x_wconf 83' lang='lat' dir='ltr'><strong>spadonumque</strong></span> <span class='ocrx_word' id='word_1_168' title='bbox 429 2172 525 2253; x_wconf 87' lang='lat' dir='ltr'><strong>mine,</strong></span> <span class='ocrx_word' id='word_1_169' title='bbox 540 2173 670 2259; x_wconf 78' lang='lat' dir='ltr'><strong>segnius</strong></span> <span class='ocrx_word' id='word_1_170' title='bbox 691 2174 790 2257; x_wconf 79' lang='lat' dir='ltr'><strong>quim</strong></span> <span class='ocrx_word' id='word_1_171' title='bbox 803 2173 845 2238; x_wconf 87' lang='lat' dir='ltr'><strong>ad</strong></span> <span class='ocrx_word' id='word_1_172' title='bbox 867 2175 990 2239; x_wconf 90' lang='lat' dir='ltr'><strong>bellum</strong></span> <span class='ocrx_word' id='word_1_173' title='bbox 1016 2176 1065 2242; x_wconf 90' lang='lat' dir='ltr'><strong>in·</strong></span> 
     </span>
     <span class='ocr_line' id='line_1_24' title="bbox 46 2256 1065 2344; baseline 0.005 -23"><span class='ocrx_word' id='word_1_174' title='bbox 46 2257 167 2337; x_wconf 85' lang='lat' dir='ltr'><strong>cedens,</strong></span> <span class='ocrx_word' id='word_1_175' title='bbox 183 2256 359 2342; x_wconf 87' lang='lat' dir='ltr'><strong>‘proditam</strong></span> <span class='ocrx_word' id='word_1_176' title='bbox 379 2279 399 2322; x_wconf 89' lang='lat' dir='ltr'><strong>a</strong></span> <span class='ocrx_word' id='word_1_177' title='bbox 441 2259 541 2323; x_wconf 93' lang='lat' dir='ltr'><strong>ucilio</strong></span> <span class='ocrx_word' id='word_1_178' title='bbox 555 2259 657 2324; x_wconf 87' lang='lat' dir='ltr'><strong>Basso</strong></span> <span class='ocrx_word' id='word_1_179' title='bbox 671 2259 895 2326; x_wconf 87' lang='lat' dir='ltr'><strong>Ravennatem</strong></span> <span class='ocrx_word' id='word_1_180' title='bbox 908 2261 1065 2344; x_wconf 85' lang='lat' dir='ltr'><strong>classem,‘</strong></span> 
     </span>
     <span class='ocr_line' id='line_1_25' title="bbox 45 2343 1065 2429; baseline 0.006 -23"><span class='ocrx_word' id='word_1_181' title='bbox 45 2343 224 2425; x_wconf 89' lang='lat' dir='ltr'><strong>pernicibus</strong></span> <span class='ocrx_word' id='word_1_182' title='bbox 238 2343 362 2410; x_wconf 88' lang='lat' dir='ltr'><strong>nuntiis</strong></span> <span class='ocrx_word' id='word_1_183' title='bbox 377 2344 506 2429; x_wconf 79' lang='lat' dir='ltr'><strong>accepit.</strong></span> <span class='ocrx_word' id='word_1_184' title='bbox 550 2345 604 2425; x_wconf 87' lang='lat' dir='ltr'><strong>Et,</strong></span> <span class='ocrx_word' id='word_1_185' title='bbox 619 2344 647 2410; x_wconf 86' lang='lat' dir='ltr'><strong>si</strong></span> <span class='ocrx_word' id='word_1_186' title='bbox 662 2356 804 2429; x_wconf 85' lang='lat' dir='ltr'><strong>coeptum</strong></span> <span class='ocrx_word' id='word_1_187' title='bbox 819 2345 878 2410; x_wconf 84' lang='lat' dir='ltr'><strong>iter</strong></span> <span class='ocrx_word' id='word_1_188' title='bbox 923 2347 1065 2429; x_wconf 77' lang='lat' dir='ltr'><strong>repertis-</strong></span> 
     </span>
     <span class='ocr_line' id='line_1_26' title="bbox 45 2366 1064 2514; baseline 0.01 -26"><span class='ocrx_word' id='word_1_189' title='bbox 45 2438 98 2510; x_wconf 85' lang='lat' dir='ltr'><strong>sat,</strong></span> <span class='ocrx_word' id='word_1_190' title='bbox 113 2438 284 2494; x_wconf 88' lang='lat' dir='ltr'><strong>nutantem</strong></span> <span class='ocrx_word' id='word_1_191' title='bbox 308 2430 472 2495; x_wconf 72' lang='lat' dir='ltr'><strong>Caecinam</strong></span> <span class='ocrx_word' id='word_1_192' title='bbox 495 2430 683 2514; x_wconf 74' lang='lat' dir='ltr'><strong>prevenire,</strong></span> <span class='ocrx_word' id='word_1_193' title='bbox 705 2440 771 2512; x_wconf 78' lang='lat' dir='ltr'><strong>urit,</strong></span> <span class='ocrx_word' id='word_1_194' title='bbox 793 2441 867 2494; x_wconf 87' lang='lat' dir='ltr'><strong>ante</strong></span> <span class='ocrx_word' id='word_1_195' title='bbox 888 2366 1064 2499; x_wconf 62' lang='lat' dir='ltr'><strong>&lt;documen</strong></span> 
     </span>
     <span class='ocr_line' id='line_1_27' title="bbox 23 2514 1064 2600; baseline 0.005 -23"><span class='ocrx_word' id='word_1_196' title='bbox 23 2587 25 2592; x_wconf 10' lang='lat' dir='ltr'>X</span> <span class='ocrx_word' id='word_1_197' title='bbox 45 2531 170 2599; x_wconf 78' lang='lat' dir='ltr'><strong>pugnae,</strong></span> <span class='ocrx_word' id='word_1_198' title='bbox 186 2514 312 2596; x_wconf 79' lang='lat' dir='ltr'><strong>assequi</strong></span> <span class='ocrx_word' id='word_1_199' title='bbox 328 2516 469 2599; x_wconf 76' lang='lat' dir='ltr'><strong>legiones</strong></span> <span class='ocrx_word' id='word_1_200' title='bbox 482 2515 646 2599; x_wconf 81' lang='lat' dir='ltr'><strong>potuisset,</strong></span> <span class='ocrx_word' id='word_1_201' title='bbox 690 2517 760 2581; x_wconf 88' lang='lat' dir='ltr'><strong>Nee</strong></span> <span class='ocrx_word' id='word_1_202' title='bbox 771 2516 912 2598; x_wconf 85' lang='lat' dir='ltr'><strong>deerant,</strong></span> <span class='ocrx_word' id='word_1_203' title='bbox 924 2518 981 2600; x_wconf 91' lang='lat' dir='ltr'><strong>qui</strong></span> <span class='ocrx_word' id='word_1_204' title='bbox 996 2537 1064 2582; x_wconf 88' lang='lat' dir='ltr'><strong>ruo·</strong></span> 
     </span>
     <span class='ocr_line' id='line_1_28' title="bbox 45 2600 1065 2684; baseline 0.006 -22"><span class='ocrx_word' id='word_1_205' title='bbox 45 2609 163 2680; x_wconf 89' lang='lat' dir='ltr'><strong>nerent,</strong></span> <span class='ocrx_word' id='word_1_206' title='bbox 179 2607 234 2664; x_wconf 90' lang='lat' dir='ltr'><strong>‘nt</strong></span> <span class='ocrx_word' id='word_1_207' title='bbox 259 2620 337 2665; x_wconf 86' lang='lat' dir='ltr'><strong>cum</strong></span> <span class='ocrx_word' id='word_1_208' title='bbox 351 2600 513 2665; x_wconf 84' lang='lat' dir='ltr'><strong>fidissimis</strong></span> <span class='ocrx_word' id='word_1_209' title='bbox 539 2621 594 2684; x_wconf 89' lang='lat' dir='ltr'><strong>per</strong></span> <span class='ocrx_word' id='word_1_210' title='bbox 619 2603 764 2667; x_wconf 88' lang='lat' dir='ltr'><strong>occultos</strong></span> <span class='ocrx_word' id='word_1_211' title='bbox 790 2601 939 2682; x_wconf 88' lang='lat' dir='ltr'><strong>tramites,</strong></span> <span class='ocrx_word' id='word_1_212' title='bbox 962 2602 1065 2668; x_wconf 77' lang='lat' dir='ltr'><strong>vitatis</strong></span> 
     </span>
     <span class='ocr_line' id='line_1_29' title="bbox 45 2681 1065 2773; baseline 0.004 -23"><span class='ocrx_word' id='word_1_213' title='bbox 45 2681 208 2764; x_wconf 56' lang='lat' dir='ltr'><strong>brenni,</strong></span> <span class='ocrx_word' id='word_1_214' title='bbox 223 2685 397 2751; x_wconf 86' lang='lat' dir='ltr'><strong>Hostiliam</strong></span> <span class='ocrx_word' id='word_1_215' title='bbox 412 2686 646 2752; x_wconf 80' lang='lat' dir='ltr'><strong>Cremonamve</strong></span> <span class='ocrx_word' id='word_1_216' title='bbox 661 2689 824 2773; x_wconf 64' lang='lat' dir='ltr'><strong>pergeret)</strong></span> <span class='ocrx_word' id='word_1_217' title='bbox 865 2688 949 2754; x_wconf 82' lang='lat' dir='ltr'><strong>Aliis</strong></span> <span class='ocrx_word' id='word_1_218' title='bbox 960 2690 1065 2773; x_wconf 85' lang='lat' dir='ltr'><strong>place·</strong></span> 
     </span>
    </p>
   </div>
   <div class='ocr_carea' id='block_1_3' title="bbox 45 2769 1175 2849">
    <p class='ocr_par' dir='ltr' id='par_1_3' title="bbox 45 2769 1175 2849">
     <span class='ocr_line' id='line_1_30' title="bbox 45 2769 1175 2849; baseline 0.008 -17"><span class='ocrx_word' id='word_1_219' title='bbox 45 2769 104 2849; x_wconf 69' lang='lat' dir='ltr'><strong>bat</strong></span> <span class='ocrx_word' id='word_1_220' title='bbox 119 2770 247 2835; x_wconf 81' lang='lat' dir='ltr'><strong>‘accitis</strong></span> <span class='ocrx_word' id='word_1_221' title='bbox 267 2791 309 2836; x_wconf 89' lang='lat' dir='ltr'><strong>ex</strong></span> <span class='ocrx_word' id='word_1_222' title='bbox 329 2772 407 2837; x_wconf 91' lang='lat' dir='ltr'><strong>urbe</strong></span> <span class='ocrx_word' id='word_1_223' title='bbox 432 2773 591 2836; x_wconf 83' lang='lat' dir='ltr'><strong>Praetoriis</strong></span> <span class='ocrx_word' id='word_1_224' title='bbox 618 2773 803 2838; x_wconf 84' lang='lat' dir='ltr'><strong>cohortibus</strong></span> <span class='ocrx_word' id='word_1_225' title='bbox 827 2773 937 2838; x_wconf 73' lang='lat' dir='ltr'><strong>valida</strong></span> <span class='ocrx_word' id='word_1_226' title='bbox 962 2794 1064 2841; x_wconf 84' lang='lat' dir='ltr'><strong>mann</strong></span> <span class='ocrx_word' id='word_1_227' title='bbox 1174 2827 1175 2840; x_wconf 65' lang='grc'>,</span> 
     </span>
    </p>
   </div>
   <div class='ocr_carea' id='block_1_4' title="bbox 44 2857 1116 3778">
    <p class='ocr_par' dir='ltr' id='par_1_4' title="bbox 44 2857 1069 3198">
     <span class='ocr_line' id='line_1_31' title="bbox 46 2857 1069 2944; baseline 0.007 -25"><span class='ocrx_word' id='word_1_228' title='bbox 46 2857 265 2939; x_wconf 78' lang='lat' dir='ltr'><strong>perrumpere’</strong></span> <span class='ocrx_word' id='word_1_229' title='bbox 307 2857 388 2940; x_wconf 84' lang='lat' dir='ltr'><strong>lpse,</strong></span> <span class='ocrx_word' id='word_1_230' title='bbox 417 2857 526 2922; x_wconf 91' lang='lat' dir='ltr'><strong>inutili</strong></span> <span class='ocrx_word' id='word_1_231' title='bbox 550 2858 765 2939; x_wconf 86' lang='lat' dir='ltr'><strong>cunctatione,</strong></span> <span class='ocrx_word' id='word_1_232' title='bbox 786 2857 904 2944; x_wconf 81' lang='lat' dir='ltr'><strong>agendi</strong></span> <span class='ocrx_word' id='word_1_233' title='bbox 926 2869 1069 2944; x_wconf 86' lang='lat' dir='ltr'><strong>tempora</strong></span> 
     </span>
     <span class='ocr_line' id='line_1_32' title="bbox 46 2940 1062 3028; baseline 0.005 -24"><span class='ocrx_word' id='word_1_234' title='bbox 46 2940 255 3006; x_wconf 85' lang='lat' dir='ltr'><strong>consultando</strong></span> <span class='ocrx_word' id='word_1_235' title='bbox 270 2943 466 3007; x_wconf 85' lang='lat' dir='ltr'><strong>consumsit:</strong></span> <span class='ocrx_word' id='word_1_236' title='bbox 489 2963 567 3008; x_wconf 85' lang='lat' dir='ltr'><strong>mox</strong></span> <span class='ocrx_word' id='word_1_237' title='bbox 580 2954 754 3027; x_wconf 72' lang='lat' dir='ltr'><strong>utrimque</strong></span> <span class='ocrx_word' id='word_1_238' title='bbox 769 2943 943 3009; x_wconf 90' lang='lat' dir='ltr'><strong>consilium</strong></span> <span class='ocrx_word' id='word_1_239' title='bbox 955 2964 1062 3028; x_wconf 80' lang='lat' dir='ltr'><strong>asper·</strong></span> 
     </span>
     <span class='ocr_line' id='line_1_33' title="bbox 44 3027 1065 3111; baseline 0.009 -23"><span class='ocrx_word' id='word_1_240' title='bbox 44 3036 145 3105; x_wconf 85' lang='lat' dir='ltr'><strong>natus,</strong></span> <span class='ocrx_word' id='word_1_241' title='bbox 159 3027 247 3108; x_wconf 89' lang='lat' dir='ltr'><strong>quod</strong></span> <span class='ocrx_word' id='word_1_242' title='bbox 268 3027 350 3091; x_wconf 88' lang='lat' dir='ltr'><strong>inter</strong></span> <span class='ocrx_word' id='word_1_243' title='bbox 375 3028 528 3111; x_wconf 83' lang='lat' dir='ltr'><strong>ancipitia</strong></span> <span class='ocrx_word' id='word_1_244' title='bbox 548 3028 758 3094; x_wconf 88' lang='lat' dir='ltr'><strong>deterrimum</strong></span> <span class='ocrx_word' id='word_1_245' title='bbox 781 3039 837 3109; x_wconf 90' lang='lat' dir='ltr'><strong>est,</strong></span> <span class='ocrx_word' id='word_1_246' title='bbox 852 3028 933 3094; x_wconf 91' lang='lat' dir='ltr'><strong>dum</strong></span> <span class='ocrx_word' id='word_1_247' title='bbox 957 3029 1065 3098; x_wconf 90' lang='lat' dir='ltr'><strong>media</strong></span> 
     </span>
     <span class='ocr_line' id='line_1_34' title="bbox 44 3111 786 3198; baseline 0.007 -25"><span class='ocrx_word' id='word_1_248' title='bbox 44 3111 195 3192; x_wconf 79' lang='lat' dir='ltr'><strong>sequitur,</strong></span> <span class='ocrx_word' id='word_1_249' title='bbox 210 3131 271 3176; x_wconf 89' lang='lat' dir='ltr'><strong>uec</strong></span> <span class='ocrx_word' id='word_1_250' title='bbox 285 3130 385 3177; x_wconf 86' lang='lat' dir='ltr'><strong>ausus</strong></span> <span class='ocrx_word' id='word_1_251' title='bbox 399 3122 447 3176; x_wconf 89' lang='lat' dir='ltr'><strong>est</strong></span> <span class='ocrx_word' id='word_1_252' title='bbox 460 3114 546 3195; x_wconf 84' lang='lat' dir='ltr'><strong>satis,</strong></span> <span class='ocrx_word' id='word_1_253' title='bbox 561 3134 622 3180; x_wconf 89' lang='lat' dir='ltr'><strong>nec</strong></span> <span class='ocrx_word' id='word_1_254' title='bbox 637 3113 786 3198; x_wconf 82' lang='lat' dir='ltr'><strong>providit</strong></span> 
     </span>
    </p>

    <p class='ocr_par' dir='ltr' id='par_1_5' title="bbox 45 3195 1116 3778">
     <span class='ocr_line' id='line_1_35' title="bbox 88 3195 1063 3283; baseline 0.009 -24"><span class='ocrx_word' id='word_1_255' title='bbox 88 3195 176 3261; x_wconf 84' lang='lat' dir='ltr'><strong>XLL</strong></span> <span class='ocrx_word' id='word_1_256' title='bbox 199 3197 307 3264; x_wconf 87' lang='lat' dir='ltr'><strong>Missis</strong></span> <span class='ocrx_word' id='word_1_257' title='bbox 330 3197 375 3262; x_wconf 90' lang='lat' dir='ltr'><strong>ad</strong></span> <span class='ocrx_word' id='word_1_258' title='bbox 401 3199 570 3264; x_wconf 87' lang='lat' dir='ltr'><strong>Vitellium</strong></span> <span class='ocrx_word' id='word_1_259' title='bbox 595 3199 704 3281; x_wconf 90' lang='lat' dir='ltr'><strong>literis,</strong></span> <span class='ocrx_word' id='word_1_260' title='bbox 728 3197 890 3263; x_wconf 85' lang='lat' dir='ltr'><strong>auxilium</strong></span> <span class='ocrx_word' id='word_1_261' title='bbox 914 3202 1063 3283; x_wconf 84' lang='lat' dir='ltr'><strong>postulat.</strong></span> 
     </span>
     <span class='ocr_line' id='line_1_36' title="bbox 46 3280 1065 3367; baseline 0.012 -24"><span class='ocrx_word' id='word_1_262' title='bbox 46 3280 167 3346; x_wconf 68' lang='lat' dir='ltr'><strong>Venere</strong></span> <span class='ocrx_word' id='word_1_263' title='bbox 182 3292 245 3347; x_wconf 87' lang='lat' dir='ltr'><strong>tres</strong></span> <span class='ocrx_word' id='word_1_264' title='bbox 259 3284 405 3348; x_wconf 85' lang='lat' dir='ltr'><strong>cohortes</strong></span> <span class='ocrx_word' id='word_1_265' title='bbox 420 3303 497 3349; x_wconf 87' lang='lat' dir='ltr'><strong>curn</strong></span> <span class='ocrx_word' id='word_1_266' title='bbox 517 3285 569 3349; x_wconf 77' lang='lat' dir='ltr'><strong>sla</strong></span> <span class='ocrx_word' id='word_1_267' title='bbox 594 3284 800 3351; x_wconf 68' lang='lat' dir='ltr'><strong>Britannici:</strong></span> <span class='ocrx_word' id='word_1_268' title='bbox 822 3286 983 3367; x_wconf 88' lang='lat' dir='ltr'><strong>nequead</strong></span> <span class='ocrx_word' id='word_1_269' title='bbox 1006 3285 1065 3356; x_wconf 85' lang='lat' dir='ltr'><strong>fal·</strong></span> 
     </span>
     <span class='ocr_line' id='line_1_37' title="bbox 45 3363 1064 3455; baseline 0.014 -29"><span class='ocrx_word' id='word_1_270' title='bbox 45 3363 176 3432; x_wconf 87' lang='lat' dir='ltr'><strong>lendum</strong></span> <span class='ocrx_word' id='word_1_271' title='bbox 202 3379 295 3451; x_wconf 88' lang='lat' dir='ltr'><strong>aptus</strong></span> <span class='ocrx_word' id='word_1_272' title='bbox 320 3388 485 3450; x_wconf 85' lang='lat' dir='ltr'><strong>numerus,</strong></span> <span class='ocrx_word' id='word_1_273' title='bbox 511 3370 684 3454; x_wconf 88' lang='lat' dir='ltr'><strong>nequead</strong></span> <span class='ocrx_word' id='word_1_274' title='bbox 712 3369 954 3455; x_wconf 87' lang='lat' dir='ltr'><strong>penetrandum</strong></span> <span class='ocrx_word' id='word_1_275' title='bbox 997 3374 1064 3440; x_wconf 84' lang='lat' dir='ltr'><strong>Sed</strong></span> 
     </span>
     <span class='ocr_line' id='line_1_38' title="bbox 45 3449 1062 3543; baseline 0.011 -29"><span class='ocrx_word' id='word_1_276' title='bbox 45 3449 160 3516; x_wconf 79' lang='lat' dir='ltr'><strong>Valens</strong></span> <span class='ocrx_word' id='word_1_277' title='bbox 174 3472 215 3517; x_wconf 91' lang='lat' dir='ltr'><strong>ne</strong></span> <span class='ocrx_word' id='word_1_278' title='bbox 230 3456 264 3518; x_wconf 92' lang='lat' dir='ltr'><strong>in</strong></span> <span class='ocrx_word' id='word_1_279' title='bbox 280 3464 368 3519; x_wconf 91' lang='lat' dir='ltr'><strong>tanto</strong></span> <span class='ocrx_word' id='word_1_280' title='bbox 379 3453 510 3540; x_wconf 90' lang='lat' dir='ltr'><strong>quidem</strong></span> <span class='ocrx_word' id='word_1_281' title='bbox 524 3455 709 3521; x_wconf 88' lang='lat' dir='ltr'><strong>discrimine</strong></span> <span class='ocrx_word' id='word_1_282' title='bbox 723 3456 857 3522; x_wconf 73' lang='lat' dir='ltr'><strong>infamia</strong></span> <span class='ocrx_word' id='word_1_283' title='bbox 867 3461 981 3539; x_wconf 90' lang='lat' dir='ltr'><strong>caruit,</strong></span> <span class='ocrx_word' id='word_1_284' title='bbox 995 3460 1062 3543; x_wconf 81' lang='lat' dir='ltr'><strong>qud</strong></span> 
     </span>
     <span class='ocr_line' id='line_1_39' title="bbox 47 3535 1065 3628; baseline 0.01 -29"><span class='ocrx_word' id='word_1_285' title='bbox 47 3535 149 3602; x_wconf 80' lang='lat' dir='ltr'><strong>minis</strong></span> <span class='ocrx_word' id='word_1_286' title='bbox 163 3558 198 3602; x_wconf 91' lang='lat' dir='ltr'><strong>ra</strong></span> <span class='ocrx_word' id='word_1_287' title='bbox 238 3559 272 3603; x_wconf 89' lang='lat' dir='ltr'><strong>re</strong></span> <span class='ocrx_word' id='word_1_288' title='bbox 287 3540 415 3605; x_wconf 85' lang='lat' dir='ltr'><strong>illicitas</strong></span> <span class='ocrx_word' id='word_1_289' title='bbox 429 3542 619 3624; x_wconf 87' lang='lat' dir='ltr'><strong>voluptates,</strong></span> <span class='ocrx_word' id='word_1_290' title='bbox 635 3542 863 3625; x_wconf 87' lang='lat' dir='ltr'><strong>adulteriisque</strong></span> <span class='ocrx_word' id='word_1_291' title='bbox 885 3564 924 3607; x_wconf 89' lang='lat' dir='ltr'><strong>ac</strong></span> <span class='ocrx_word' id='word_1_292' title='bbox 945 3546 1065 3628; x_wconf 80' lang='lat' dir='ltr'><strong>stupris</strong></span> 
     </span>
     <span class='ocr_line' id='line_1_40' title="bbox 45 3559 1116 3708; baseline 0.008 -24"><span class='ocrx_word' id='word_1_293' title='bbox 45 3620 184 3702; x_wconf 88' lang='lat' dir='ltr'><strong>polluere</strong></span> <span class='ocrx_word' id='word_1_294' title='bbox 198 3559 363 3708; x_wconf 62' lang='lat' dir='ltr'><strong>Edspitum</strong></span> <span class='ocrx_word' id='word_1_295' title='bbox 384 3625 509 3706; x_wconf 88' lang='lat' dir='ltr'><strong>domus,</strong></span> <span class='ocrx_word' id='word_1_296' title='bbox 524 3625 724 3691; x_wconf 86' lang='lat' dir='ltr'><strong>crederetur:</strong></span> <span class='ocrx_word' id='word_1_297' title='bbox 747 3627 879 3692; x_wconf 88' lang='lat' dir='ltr'><strong>aderant</strong></span> <span class='ocrx_word' id='word_1_298' title='bbox 901 3628 951 3690; x_wconf 84' lang='lat' dir='ltr'><strong>vis</strong></span> <span class='ocrx_word' id='word_1_299' title='bbox 965 3639 998 3692; x_wconf 90' lang='lat' dir='ltr'><strong>et</strong></span> <span class='ocrx_word' id='word_1_300' title='bbox 1010 3648 1064 3708; x_wconf 85' lang='lat' dir='ltr'><strong>pa-</strong></span> <span class='ocrx_word' id='word_1_301' title='bbox 1110 3638 1116 3649; x_wconf 81' lang='grc'><em>“</em></span> 
     </span>
     <span class='ocr_line' id='line_1_41' title="bbox 47 3708 1064 3778; baseline -0.002 -5"><span class='ocrx_word' id='word_1_302' title='bbox 47 3708 143 3775; x_wconf 82' lang='lat' dir='ltr'><strong>cunia</strong></span> <span class='ocrx_word' id='word_1_303' title='bbox 156 3719 187 3776; x_wconf 86' lang='lat' dir='ltr'><strong>at</strong></span> <span class='ocrx_word' id='word_1_304' title='bbox 200 3709 469 3778; x_wconf 81' lang='lat' dir='ltr'><strong>ruentissortunae</strong></span> <span class='ocrx_word' id='word_1_305' title='bbox 484 3710 662 3778; x_wconf 88' lang='lat' dir='ltr'><strong>novissima</strong></span> <span class='ocrx_word' id='word_1_306' title='bbox 683 3711 793 3776; x_wconf 90' lang='lat' dir='ltr'><strong>libido.</strong></span> <span class='ocrx_word' id='word_1_307' title='bbox 836 3710 988 3777; x_wconf 79' lang='lat' dir='ltr'><strong>Adventu</strong></span> <span class='ocrx_word' id='word_1_308' title='bbox 1010 3708 1064 3772; x_wconf 75' lang='lat' dir='ltr'><strong>da</strong></span> 
     </span>
    </p>
   </div>
   <div class='ocr_carea' id='block_1_5' title="bbox 0 0 1200 4050">
    <p class='ocr_par' dir='ltr' id='par_1_6' title="bbox 0 0 1200 4050">
     <span class='ocr_line' id='line_1_42' title="bbox 0 0 1200 4050; baseline 0 1"><span class='ocrx_word' id='word_1_309' title='bbox 0 0 1200 4050; x_wconf 95' lang='lat' dir='ltr'><strong> </strong></span> 
     </span>
    </p>
   </div>
  </div>
 </body>
</html>
