2392 4050
67 226 106 290 A.
122 222 235 313 C.b9.]
363 223 514 289 Hrs'roa.
529 221 609 309 Lm,
625 221 776 285 Persius.
1035 222 1075 286 ll

65 395 212 482 quamvis
241 394 433 480 significata,
461 414 527 460 non
554 383 707 459 nitantur.
750 391 848 477 Apud
879 389 1079 476 frequentem

5 522 7 551 r
66 482 206 546 rnilitum
217 481 419 560 concionem,
435 480 643 563 Imperatorii
661 478 821 559 brevitate,
837 477 997 561 ‘adoptari
1011 500 1031 542 a
1044 498 1079 542 se

5 604 7 649 ι
67 569 225 646 Pisonem,
241 586 326 630 more
342 567 420 630 Divi
434 567 572 651 Augusti
587 579 619 630 et
633 567 779 648 exemplo
795 563 935 653 militari,
949 584 1013 646 quo
1027 564 1079 629 vir

65 654 175 716 virum
189 654 324 733 tegerem
338 652 534 735 pronuntiat.
577 653 626 717 Ac
641 670 682 715 ne
696 650 897 714 dissimulata
917 649 1029 713 seditio
1042 650 1115 725 ipa

5 738 6 765 ³
28 744 50 800 t
65 737 171 835 lels
183 737 374 819 crederetur,
388 738 474 800 ultro
488 748 656 815 asseverat,
672 745 835 819 ‘quartam
849 748 881 800 et
891 734 1081 801 drrodevice

39 815 181 887 'siniam
204 823 353 906 legiones,
368 823 482 906 paucis
506 823 671 886 seditionis
698 822 891 901 auctoribus,
906 841 971 884 non
995 818 1082 885 ultr'a

67 910 165 972 verbu
178 929 216 972 ac
230 927 326 971 voces
341 907 469 987 errdsse,
485 920 515 970 et
530 908 621 972 brevi
647 907 681 969 in
696 907 801 972 officio
822 906 907 971 fore'
952 907 1019 972 Nec
1031 908 1081 975 ul.-

66 995 136 1058 lum
151 991 288 1056 orationi
304 1005 360 1056 aut
371 994 570 1058 lenocinium
581 993 670 1057 addit
679 1003 735 1057 aut
746 992 893 1075 pretium.
937 993 1081 1058 Tribuni

65 1089 171 1143 tamen
188 1078 465 1161 Centurionesque
479 1091 511 1141 et
533 1078 671 1162 proximi
694 1079 834 1142 militum
855 1088 947 1163 grata
967 1079 1081 1143 auditu

66 1163 280 1248 respondent:
303 1184 358 1247 per
371 1177 491 1228 ceteros
505 1164 656 1229 moestitia
677 1184 714 1227 ac
736 1163 911 1244 silentium,
928 1176 1082 1247 tanquam

24 1310 25 1313 ,
66 1260 254 1335 usurpatam
269 1251 365 1312 etiarn
379 1251 412 1313 in
430 1270 507 1332 pace
521 1249 663 1314 donativi
679 1249 899 1312 necessitatem
916 1250 999 1313 bello
1013 1269 1082 1332 per-

49 1335 231 1399 didissent.
276 1337 417 1413 Constat,
435 1335 573 1418 potuisse
589 1335 752 1401 conciliari
769 1334 893 1397 animos
912 1337 1082 1416 quantuli·

65 1441 208 1503 cumque
232 1420 321 1503 parci
346 1422 430 1484 senis
456 1420 662 1484 liberalitate:
685 1421 795 1484 nocuit
820 1419 972 1503 antiquus
995 1421 1082 1508 rigor

23 1508 216 1638 wia
229 1506 398 1586 seueritas;
422 1506 474 1570 cui
487 1506 555 1586 jam
569 1526 659 1588 pares
675 1526 739 1568 nou
756 1525 877 1570 sumus.
1103 1526 1107 1533 ·

85 1592 207 1741 ⁴{HK
230 1591 309 1654 Inde
335 1591 421 1673 apud
448 1592 605 1657 Senatum
627 1611 691 1655 nou
719 1591 853 1654 comtior
879 1591 1083 1671 Galbaepnon

65 1678 109 1741 lor
122 1678 192 1763 gior
207 1678 305 1758 quim
320 1675 405 1758 apud
421 1678 555 1740 militem
569 1697 673 1741 sermo
686 1700 693 1740 :
718 1675 843 1740 Pisonis
858 1679 957 1741 comis
972 1679 1082 1742 oratio.

67 1763 113 1826 Et
127 1777 255 1845 patrum
279 1761 370 1824 lavor
395 1764 519 1827 aderat·
544 1782 575 1824 m
603 1762 637 1825 lti
661 1763 826 1825 voluntate
850 1763 1002 1844 effusiiu3
1025 1763 1083 1845 qui

66 1849 246 1929 uoluerunt,
272 1846 397 1929 medie3
421 1868 459 1911 ac
472 1869 504 1936 p
518 1868 565 1910 ιιι
640 1848 734 1910 obvio
758 1847 920 1928 obsequio,
942 1848 1083 1930 privatas

5 2010 6 2013 Ἴ
64 1953 139 2016 apes
164 1930 328 2018 agitantes,
351 1933 421 1997 sine
447 1934 576 2016 publici
601 1934 705 1996 curis·
732 1933 800 1996 Nec
826 1932 915 1997 aliud
938 1933 1084 2014 sequenti

46 2019 250 2103 quatriduo,
277 2016 378 2104 (quod
401 2018 544 2083 medinm
568 2018 651 2082 inter
678 2017 881 2102 adoptionem
905 2029 936 2082 et
965 2018 1085 2085 caedem

66 2104 446 2189 fuitldictumaPisone
458 2106 490 2167 in
504 2106 634 2187 publico
644 2105 816 2190 factumve.
862 2104 1083 2178 Crebrioribus

67 2190 102 2253 in
118 2189 188 2253 dies
203 2189 401 2255 Germanicae
416 2189 603 2253 desectionis
618 2185 749 2272 nuntiis,
760 2201 792 2252 et
803 2189 889 2272 facili
905 2192 1031 2255 civitate
1043 2191 1085 2258 ad
1109 2205 1113 2214 '

5 2351 6 2354 Ἴ
65 2275 257 2358 accipienda
281 2274 501 2358 credendaque
524 2276 634 2339 oninia
658 2296 751 2356 nova,
775 2278 848 2339 curn
873 2276 974 2364 tristia
997 2287 1083 2359 sunt,

65 2372 261 2425 censuerant
276 2362 395 2439 Patres,
412 2361 582 2425 mittendos
603 2361 643 2424 nd
659 2362 893 2425 Germanicum
906 2355 1085 2427 exercitum

69 2448 211 2533 legatos:
235 2447 390 2532 agitatum
405 2447 549 2526 -secretb,
572 2443 653 2511 nuru
677 2458 709 2510 ct
734 2447 808 2510 Piso
822 2446 1084 2530 proficisceretur,

57 2531 190 2612 'majole
215 2542 388 2616 pretextu,
405 2532 461 2625 illi
476 2532 709 2597 ,auctoritatem
730 2532 874 2611 Senatus,
897 2532 950 2595 bic
974 2532 1084 2619 digna-

42 2605 189 2690 trionem
204 2617 339 2683 Oaesaris
354 2619 486 2680 laturus.
532 2619 682 2682 Placebat
695 2628 727 2680 et
749 2618 920 2696 Laconem,
941 2618 1084 2684 Praetorii

69 2683 383 2784 Praefectuffiul
406 2702 508 2767 mitti:
530 2702 560 2767 is·
584 2702 719 2766 consilio
743 2701 928 2766 intercessit.
972 2703 1084 2789 Legati

5 2863 6 2868 γ
65 2808 209 2873 quoque,
237 2791 326 2873 (nam
351 2788 490 2852 Senatus
515 2788 705 2853 electionem
734 2789 845 2853 Galbae
875 2789 1084 2875 permiserat)

5 2887 7 3008 Ῐ
66 2874 156 2939 foedi
178 2874 393 2937 inconstantii
418 2872 582 2953 nominati,
597 2872 751 2954 excusati,
766 2874 937 2952 substituti,
963 2875 1085 2954 ambitu

5 3015 7 3068 ,
68 2958 259 3040 remanendi
274 2970 327 3021 aut
343 2951 451 3037 eundi,
466 2970 675 3042 utquomque
698 2970 800 3021 metus
816 2961 867 3022 vel
890 2978 960 3042 spes
982 2955 1084 3043 irnpu'·

69 3046 160 3109 leret.
496 3097 501 3126 ,
668 3119 670 3122 ι
765 3109 769 3121 ,
846 3107 856 3122 ,

114 3130 195 3195 ΧΧ.
219 3126 372 3193 Proxima
393 3129 536 3212 pecuniae
556 3150 655 3195 cura:
680 3139 712 3191 et
726 3140 843 3193 cuncta
867 3130 1085 3216 scrutantibus

5 3257 6 3270 ι
66 3215 285 3297 justissimum
307 3215 412 3279 visum
437 3225 493 3292 est,
517 3216 591 3280 inde
617 3214 723 3299 repeti,
738 3214 824 3278 unde
848 3211 963 3297 inopiae
987 3236 1086 3298 causa

5 3277 6 3334 l
70 3311 147 3365 erat.
191 3301 247 3364 Bis
262 3315 294 3362 et
308 3301 406 3364 vicies
422 3301 538 3364 millies
553 3303 730 3365 sestertium
751 3301 976 3364 donationibus
999 3302 1085 3365 Nero
1191 3297 1193 3310 ’

5 3411 6 3460 i
69 3386 235 3450 effuderat.
281 3387 444 3469 Appellori
459 3386 606 3473 singulos
625 3386 728 3467 jussit,
751 3386 886 3450 decumei
901 3398 989 3470 parte
1010 3389 1085 3452 libc-

5 3471 6 3478 ’
70 3472 299 3554 ralitatisnpud
310 3491 588 3554 quemquceorum
599 3474 716 3536 relicui.
750 3471 1086 3538 Atillisvixdecumae

70 3578 169 3639 super
182 3557 340 3640 portiones
352 3567 451 3635 erant,
464 3555 576 3622 iisdem
587 3559 779 3642 erga‘aliena
790 3559 957 3633 sumtibus
969 3559 1087 3639 quibus
1108 3553 1117 3574 ’

69 3663 133 3708 sua
147 3641 373 3727 prodegerant:
398 3644 471 3705 oiim
482 3643 687 3726 rapacissimo
699 3641 815 3723 cuique
827 3664 864 3705 ac
876 3640 1086 3723 perditissimo

72 3748 138 3794 uon
155 3726 232 3814 agri,
249 3738 305 3792 aut
319 3728 435 3808 loenns,
450 3727 505 3791 sed
530 3730 599 3792 sola
624 3728 836 3790 instrumenta
848 3727 1001 3788 vitiorum
1023 3733 1087 3786 ma·
1191 3747 1193 3758 >
