2392 4050
311 257 361 300 ne
377 237 615 303 Oasroareoa
632 234 824 301 Draaooua.
1018 235 1084 301 eol

45 401 284 468 Centumviros
311 423 447 469 causam
471 402 618 486 aliquam
638 401 772 468 feliciter
794 420 895 482 orare,
918 412 976 467 ant
997 403 1087 485 apud

45 487 234 570 Principem
257 489 351 570 ipsos
365 490 438 553 illos
453 489 582 553 libertos
596 499 629 553 et
643 488 873 553 Procuratores
895 486 1087 570 Principum

43 571 125 634 tueri
140 582 174 635 et
195 571 379 637 defendere
399 572 504 636 datur.
549 573 644 637 Tum
662 571 745 638 mihi
759 590 860 654 supra
879 571 1086 639 Tribunatua

42 664 73 717 et
88 656 258 721 Praeturas
275 667 310 721 et
327 658 526 723 Consulatus
537 655 714 723 ascendere
731 655 851 734 videor,
873 666 945 720 tum
958 656 1085 735 babere

41 739 138 820 quod,
162 741 281 806 sinon
300 742 337 805 in
359 741 471 805 animo
496 742 608 821 oritur,
630 760 691 806 nee
715 740 876 807 codicillis
895 738 1001 820 datur,
1023 758 1085 805 use

42 840 119 889 curn
133 825 245 908 gratia
261 826 367 890 venit.
411 827 498 895 Quae
519 824 608 889 sama
621 836 653 890 et
666 826 739 888 laus
753 823 903 904 cujusvis
916 823 994 888 anis
1007 842 1087 889 cum

43 916 210 971 oratorum
224 910 337 992 glorie
348 909 568 990 comparanda
578 920 635 986 est,
651 908 709 990 qui
720 927 788 974 uon
799 900 943 972 illustres
957 907 993 971 in
1004 907 1085 971 urbe

43 988 157 1066 solum,
179 990 276 1067 apud
292 992 478 1074 negotiosos
492 1003 524 1055 et
538 993 636 1071 rebus
650 992 801 1072 intentos,
812 991 869 1055 sed
884 992 984 1055 etiam
997 989 1102 1072 apud‘

41 1068 177 1147 juvenes
190 1081 227 1135 et
242 1072 477 1151 adolescentes,
499 1076 619 1154 quibus
642 1074 738 1137 modd
752 1084 839 1141 reeta
852 1084 884 1138 et
896 1074 1023 1140 indoles
1037 1082 1085 1141 est

42 1162 73 1215 et
87 1153 174 1217 bona
188 1174 269 1237 spes
286 1156 365 1219 sui?
409 1158 563 1226 Quorum
586 1155 721 1218 nomina
741 1155 828 1237 priris
846 1168 994 1237 parentes
1008 1158 1085 1221 libe-

45 1234 88 1297 ris
102 1238 173 1301 suis
186 1238 373 1323 ingerunt?
394 1258 477 1322 quos
491 1240 608 1321 saepius
618 1240 743 1336 vulgus
751 1240 939 1322 imperitum
952 1249 985 1303 et
1000 1239 1085 1303 tuni·

45 1328 135 1383 catus
150 1321 210 1385 hie
225 1325 374 1405 populus
389 1333 591 1388 transeuntes
606 1341 740 1389 nomme
761 1330 857 1391 vocat
871 1332 904 1386 et
916 1318 1018 1408 digito
1031 1321 1086 1387 de·

45 1407 228 1470 monstrati
277 1406 424 1471 Advenoe
443 1426 573 1489 quoque
593 1416 626 1471 et
645 1407 819 1505 peregrini,
836 1407 907 1487 jam
927 1407 964 1470 in
979 1402 1085 1473 muni·

46 1486 137 1567 cipiis
152 1499 187 1553 et
202 1490 348 1555 coloniis
360 1491 431 1555 suia
444 1491 581 1570 auditos,
603 1493 678 1557 ciem
691 1493 832 1574 primum
844 1493 960 1557 urbem
974 1491 1086 1579 attige-

46 1582 131 1649 runt,
145 1574 333 1660 requirunt,
348 1595 387 1639 ao
401 1578 514 1640 vultus
529 1595 703 1660 agnoscere
718 1576 966 1658 concupiscunt.

88 1656 182 1723 VIII.
205 1660 331 1725 Ausim
345 1660 548 1739 contendere,
564 1661 758 1726 Marcellum
772 1662 863 1723 hunc
879 1659 1028 1742 Eprium,
1042 1658 1083 1724 de

47 1757 111 1820 quo
122 1744 224 1825 modb
237 1746 371 1810 locutus
381 1764 456 1810 sum
466 1757 498 1809 et
507 1745 661 1828 Crispum
674 1745 808 1810 Vibium
818 1743 982 1829 (libentius
995 1743 1085 1808 enim

47 1825 141 1889 novis
156 1837 190 1891 et
205 1831 402 1910 recentibus,
421 1829 520 1913 quim
534 1829 666 1893 remotis
679 1840 712 1892 et
726 1827 911 1907 obliteratis,
925 1828 1084 1909 exemplis

49 1912 143 1995 utor)
157 1933 229 1979 non
263 1916 370 1980 minias
395 1915 487 1979 nosci
512 1913 548 1978 in
571 1914 723 1979 extremis
745 1911 890 1997 partibus
916 1920 1084 1991 terrarum

49 1995 145 2086 quim
160 1999 300 2084 Capuae,
321 2010 379 2065 aut
394 1999 560 2079 Vercellis,
582 1999 640 2064 ubi
655 1998 724 2065 nati
743 1996 921 2064 dicuntur:
943 2008 1005 2061 nee
1021 1994 1085 2062 hoe

51 2077 114 2143 illis
128 2084 251 2150 saltem
271 2097 318 2149 ter
338 2085 457 2150 millies
477 2084 657 2150 sestertium
676 2094 804 2169 prestat
821 2085 1026 2169 (quanquam
1042 2079 1085 2146 ad

51 2157 108 2254 itas
120 2165 208 2248 ipsas
220 2189 301 2253 epm
313 2179 450 2254 possunt
460 2170 563 2234 videri
571 2170 762 2253 eloquentie
770 2166 929 2234 beneficio
939 2165 1083 2251 vonisse)

51 2262 120 2326 ipsa
133 2253 344 2338 eloquentia3
367 2253 463 2334 cujus
480 2274 605 2319 numen
624 2264 656 2316 et
675 2254 815 2319 coelestis
830 2251 881 2315 vis
895 2253 1000 2318 multa
1013 2250 1085 2334 qui·

53 2328 126 2397 dem
138 2341 297 2404 omnibus
311 2340 440 2405 seculis
460 2339 611 2419 exempla
624 2338 734 2420 edidit,
757 2338 797 2402 ad
811 2346 969 2419 quantam
983 2351 1086 2416 usque

53 2411 219 2488 fortunam
234 2424 384 2488 homines
397 2423 521 2510 ingenii
535 2421 659 2487 viribus
673 2420 889 2506 pervenerint.
933 2417 1000 2486 Sed
1013 2419 1085 2482 heo

55 2507 90 2562 ut
103 2508 203 2587 sopri
215 2508 288 2571 dixi
302 2508 475 2591 propria-et
488 2527 561 2591 quae
573 2526 641 2572 non
651 2505 767 2572 auditu
780 2525 819 2570 co
841 2502 1014 2582 noscenda,
1028 2498 1086 2567 aed

56 2589 158 2679 oeulis
172 2594 351 2675 spectanda
365 2593 531 2657 babemus.
576 2593 671 2673 Nam,
686 2593 752 2676 qud
763 2610 816 2655 sor
842 2588 922 2654 'dius
936 2599 968 2653 ot
982 2585 1086 2668 objec-

55 2674 114 2733 triu
129 2678 198 2742 nati
212 2688 300 2757 sunt,
311 2697 441 2763 quoque
456 2676 629 2742 notabilior
640 2686 813 2762 paupertas
827 2686 859 2740 et
872 2674 1025 2760 angustia
1037 2690 1086 2737 ra·

58 2768 130 2822 rum
154 2771 326 2828 nascemes
350 2783 406 2827 eos
429 2763 731 2847 circumstetenmt3
752 2763 791 2828 ed
816 2760 963 2840 clariora,
985 2769 1018 2824 et
1042 2758 1086 2823 ad

56 2835 340 2914 demonstrandam
353 2848 498 2912 oratorie
512 2849 706 2930 eloquentie
719 2850 894 2915 utilitatem
907 2844 1087 2909 illustriore

60 2932 208 3013 exempla
221 2942 319 3014 sunt3
341 2931 428 3017 qudd
442 2934 513 2997 siue
528 2933 808 2998 commendatione
822 2930 992 3007 natalium,
1013 2926 1086 2995 sino

59 3008 236 3104 substantii
250 3016 451 3097 facultatum,
464 3027 579 3080 neuter
593 3016 739 3081 moribus
752 3014 914 3101 egregius,
929 3012 1010 3074 alter
1028 3010 1087 3074 ha·

60 3086 126 3159 bitu
149 3120 281 3184 qnoque
302 3101 446 3183 corporis
466 3110 658 3179 contemtus,
680 3118 738 3181 per
753 3100 875 3166 multos
891 3094 963 3177 jam
980 3113 1086 3161 anuos

60 3185 271 3257 potentissimi
299 3195 376 3250 sunt
405 3184 556 3264 civitatis,
583 3203 631 3264 ac,
660 3182 764 3249 donec
792 3181 896 3262 libuit,
921 3180 1086 3266 principes

62 3257 130 3343 fori,
152 3289 243 3336 nuno
258 3270 418 3353 principes
439 3271 474 3333 iu
495 3268 633 3332 Oaesaris
659 3268 812 3350 amicitiai,
837 3277 940 3354 agunt
965 3265 1087 3334 ierunt·

62 3363 265 3434 questracta,
290 3366 386 3438 atque
409 3356 543 3439 abipso
567 3353 719 3437 Principe
742 3373 821 3420 cum
842 3352 985 3437 quidam
998 3373 1088 3419 rere·

62 3437 162 3500 rantis
182 3441 387 3537 diliguntur:
408 3439 488 3523 quia
517 3439 743 3522 Vespasianus,
764 3438 961 3504 venerabilia
984 3453 1088 3504 canu
1168 3449 1175 3458 “

63 3525 92 3578 et
116 3525 375 3616 ,patientissimus
404 3525 464 3604 vir,
494 3525 577 3590 bene
608 3524 770 3612 intelligit,
802 3534 923 3588 ceteros
953 3521 1088 3616 quidem

64 3617 179 3674 amicos
192 3630 271 3675 suos
280 3610 341 3675 niti
355 3611 405 3691 iis,
419 3630 492 3692 que
507 3611 549 3674 ab
571 3609 642 3691 ipso
657 3607 851 3690 acceperint,
871 3621 1010 3684 quasque
1025 3618 1088 3678 rpsr

67 3696 267 3763 accumulare
293 3704 325 3765 et
347 3695 384 3764 in
406 3694 489 3761 alios
517 3710 694 3782 congerere
716 3697 881 3776 promtum
907 3691 977 3746 est:
1002 3681 1089 3743 utar·
