2392 4050
442 199 478 264 Ο.
495 200 605 265 Coun.
623 199 759 265 Tscrnr
912 197 962 287 [Α.
978 198 1017 263 U.
1035 199 1126 262 8522.

128 373 345 433 ingenioignavut,
361 373 391 421 ad
402 390 441 422 res
459 390 535 425 novas
555 375 826 423 stimulaturaValeate
845 381 870 420 et
888 374 986 424 Caecina
1004 372 1125 434 legatis.
1177 388 1178 425 3

129 438 167 484 5⁴.
180 438 218 485 55.
235 438 355 498 legiones
366 438 489 499 utriusque
500 439 637 487 Germaniae
648 440 718 487 tidem
730 441 754 486 in
765 438 866 484 Galbam
876 448 977 496 exuunt,
988 438 1027 484 56.
1046 437 1126 496 segni
1177 430 1179 497 i

128 510 264 561 spectatore
274 502 409 550 Hordeonio
420 503 507 550 Flacco
518 503 619 562 Legato.
652 504 689 550 57.
706 504 796 550 Valens
811 501 932 550 Vitellium
943 504 1125 563 Imperatorem
1178 508 1180 557 l

129 566 270 623 consalutat,
292 582 380 626 magno
399 569 604 625 militumstudi03
620 568 658 615 58.
676 570 761 627 quibus
781 568 935 628 poscentibus
956 567 1023 614 multi
1046 566 1122 612 caesi.
1179 582 1180 587 ¹

129 629 168 678 59.
185 629 263 677 Julius
282 631 364 678 civilis
382 633 512 691 periculum
531 633 619 680 evadit.
652 631 761 690 Undique
777 629 865 677 viribus
885 632 1035 688 auctorabili.
1055 631 1126 676 inter

128 693 204 741 soedas
222 693 368 753 Iegatomm
387 696 522 753 discordias,
538 698 577 743 dl.
593 696 654 742 duos
673 698 792 741 exercitus
810 696 833 741 in
850 694 942 745 Italiam
960 696 1038 743 mittit.
1077 694 1121 738 62.
1180 690 1182 729 ἶ

131 756 220 817 Torpet
230 758 356 816 Vitellius3
373 760 440 806 ardor
450 769 475 807 et
485 761 523 807 vis
533 760 633 806 militum
644 755 706 806 altri>
717 760 790 806 Meis
800 762 882 807 munia
892 761 979 820 implet.
1012 759 1053 804 63.
1073 755 1125 802 Su·
1181 764 1182 771 ¹

129 821 179 867 bito
189 823 268 869 lurore
279 833 400 883 correptus
419 825 488 872 miles
499 826 530 870 ab
540 825 634 871 excidio
652 823 765 871 Divoduri
783 825 847 882 aegre
866 833 989 886 temperat.
1022 821 1124 867 Gallias
1172 792 1183 891 V

129 887 311 933 terrorinvadit.
327 888 382 946 „dal
400 887 495 935 Vitellio
506 889 635 935 adhaerent.
668 889 706 937 65.
724 887 899 945 Lugdunenses
917 904 949 936 ex
960 892 1042 935 vetere
1062 885 1122 931 odio
1182 896 1183 909 ¹

129 949 215 997 milites
226 951 249 996 in
261 950 409 998 eversionem
417 952 589 1000 Viennensium
599 953 737 1012 irnpellunt3
753 953 791 998 66.
809 954 846 1000 isti
854 962 935 1000 tamea
943 952 1009 998 donis
1018 951 1123 1009 placan-

129 1020 199 1059 turet
207 1014 323 1074 precibus.
343 1015 463 1063 'Valentis
473 1017 573 1063 avaritia
582 1026 606 1063 et
616 1018 692 1063 libido.
726 1017 764 1062 67.
774 1017 812 1062 68.
830 1018 962 1072 Helvetios,
971 1014 1060 1060 Vitellii
1069 1012 1120 1058 lm·
1181 1006 1186 1049 i

128 1078 219 1137 perium
230 1080 372 1136 abnuentes,
383 1079 489 1137 Caecina,
500 1081 554 1128 belli
565 1081 658 1137 avidus,
669 1081 747 1127 caedit.
780 1081 818 1127 69.
835 1082 979 1128 Aventicum
990 1076 1056 1136 aegre
1073 1078 1121 1122 im·
1184 1088 1185 1109 t

129 1142 260 1202 punitatem
279 1144 428 1203 salutemque
446 1146 563 1205 impetrat.
597 1146 635 1191 to.
652 1145 680 1191 In
690 1144 777 1192 Vitellii
787 1154 867 1204 partes
876 1143 1026 1203 transgressa
1037 1141 1120 1188 Italiae
1184 1112 1186 1169 i

130 1215 205 1265 parte,
217 1206 315 1254 Caecina
324 1208 398 1267 Alpes
410 1216 513 1269 superat.
1185 1180 1187 1285 i

99 1271 137 1317 ll.
156 1268 219 1316 Otho
227 1273 470 1331 prudentersegerit3
486 1273 564 1320 Mario
572 1273 644 1320 Celso
652 1273 759 1331 ignoscit.
793 1274 831 1319 72.
864 1273 994 1331 Tigellinus
1002 1272 1119 1318 infamem
1186 1296 1187 1307 .

130 1334 204 1382 nram
216 1336 282 1395 ena
293 1336 416 1381 inhonesto
433 1338 513 1384 forat.
547 1338 584 1383 ra.
603 1336 689 1383 cair-a
707 1338 839 1397 Crispinilla
857 1352 912 1383 cum
930 1338 995 1384 maa
1013 1334 1120 1380 ononis
1186 1314 1188 1357 ¹

130 1399 196 1447 sama
212 1399 317 1459 periculo
336 1409 440 1446 exemta.
474 1403 512 1448 74.
529 1401 651 1460 Principes
670 1396 754 1449 mntud
772 1401 815 1447 sibi
834 1401 979 1448 conditiones
997 1401 1099 1446 aflerant
1108 1412 1118 1452 ;

129 1477 188 1513 mox
198 1465 303 1511 rixantes
314 1463 403 1521 flagitia
413 1465 515 1513 invicem
524 1467 652 1524 objectant,
661 1473 685 1511 et
697 1465 733 1510 75.
751 1466 897 1512 insidiatores
905 1466 1039 1511 immittunt.
1074 1462 1114 1505 76·

130 1527 255 1575 Distractis
266 1528 327 1574 inter
336 1535 463 1587 utrumque
474 1530 618 1576 exercitibus
630 1544 658 1574 ac
670 1530 804 1589 provinciis,
815 1531 877 1575 bello
893 1544 960 1588 opus.
994 1530 1032 1575 77.
1050 1525 1116 1571 Otho

131 1592 300 1653 Imperatorem
312 1591 375 1650 agit3
392 1593 502 1650 honores,
514 1595 551 1640 78.
569 1594 699 1649 ciuitatem,
716 1594 770 1651 jura
780 1594 913 1652 dilargiturr
930 1593 961 1639 de
971 1590 1116 1638 celebranda

131 1656 234 1705 Neronis
244 1656 359 1703 memoria
370 1658 450 1713 agitat.
713 1690 714 1695 .

99 1721 139 1768 79.
157 1721 272 1768 Sarmatas
283 1720 402 1767 Roxolani
413 1721 525 1767 Moesiam
536 1722 692 1781 irrumpentes
709 1722 773 1767 caesi.
806 1722 910 1767 att-82.
925 1721 1013 1766 Seditio
1024 1719 1114 1777 gravis,

99 1842 101 1847 Α
131 1785 287 1846 inipsaurbe
306 1785 466 1841 temerdorta,
478 1800 533 1832 cum
553 1799 640 1844 magno
659 1793 725 1831 metu
745 1796 815 1845 atque
834 1786 967 1831 discrimine
986 1785 1114 1844 primorum

131 1850 242 1905 civitatis,
254 1849 363 1908 precibus
375 1858 398 1896 et
410 1851 519 1910 lacrymis
539 1850 639 1896 Othonis
656 1851 810 1908 componitur,
822 1850 862 1907 qui
880 1851 919 1895 83.
931 1850 969 1895 84.
986 1849 1071 1894 milites
1082 1847 1112 1892 ad

131 1916 280 1961 concordiam
292 1921 316 1959 et
327 1913 467 1960 modestiam
478 1916 590 1961 hortatur.
624 1913 662 1959 85.
680 1913 734 1960 Istis
750 1914 893 1974 compositis,
904 1913 983 1959 omnia
1001 1912 1115 1971 suspicio·

131 1992 189 2026 num
200 1988 225 2026 et
235 1978 362 2026 formidinis
379 1980 457 2040 plena,
474 1979 592 2039 precipuo
610 1976 708 2023 Petrum
725 1987 799 2024 metu.
833 1979 871 2024 86.
888 1976 997 2035 Prodigia
1014 1975 1113 2023 Othonis

131 2044 224 2089 cladem
243 2044 416 2104 praesagientia.
449 2045 488 2090 8⁷.
505 2042 538 2099 Is,
557 2043 657 2089 lustrata
673 2044 739 2099 urbe,
757 2042 938 2089 Narbonensem
956 2040 1056 2089 Galliam
1073 2056 1114 2099 ag·

131 2108 197 2166 gradi
216 2107 305 2161 statuit,
326 2113 350 2152 et
369 2107 407 2153 88.
424 2120 480 2151 curn
498 2106 578 2151 multis
597 2107 713 2151 nobilibus
733 2106 761 2151 L.
781 2106 902 2151 Vitellium
921 2107 999 2151 ramuli
1017 2106 1112 2152 fratrem

131 2185 216 2217 secum
234 2171 306 2216 ducit.
340 2170 378 2217 89.
395 2169 453 2217 Inde
470 2170 529 2215 varii
545 2170 677 2215 animorum
694 2177 781 2215 motus.
825 2172 863 2217 90.
880 2170 1051 2217 Commendati
1066 2169 1112 2216 Pa·
1138 2197 1140 2201 ν

130 2235 205 2281 tribus
214 2233 348 2295 Republica
359 2233 421 2280 Otho
432 2233 526 2280 festinat
538 2233 567 2279 ad
578 2233 674 2279 bellum.
707 2232 817 2279 Trachali
829 2235 964 2291 eloquentia
971 2249 1030 2281 usus
1041 2234 1112 2290 Otho,

131 2299 156 2346 in
166 2313 238 2359 quem
249 2298 327 2344 studia
337 2305 362 2345 et
373 2312 446 2365 uoces
457 2297 530 2357 vulgi.
564 2295 641 2343 Gesta
651 2299 703 2344 htec
714 2299 798 2357 paucis
809 2298 940 2355 mensibus,

380 2441 432 2473 latr.
446 2440 513 2472 stat.
525 2440 605 2472 GALBA
616 2441 647 2472 tr
657 2441 680 2472 'l'-
693 2440 759 2473 t'tttto
769 2442 830 2473 (3088.

141 2589 294 2666 laimunt
321 2588 401 2654 mihi
424 2589 528 2672 operis
553 2589 622 2654 Ser.
650 2590 756 2652 Galba
780 2589 904 2670 iterum,
931 2590 974 2655 T.
997 2588 1110 2654 Vinius

100 2677 258 2740 Consules
273 2688 374 2740 erunt.
418 2676 511 2756 Nam,
526 2687 597 2759 post
617 2675 779 2740 conditam
799 2678 920 2755 urbem,
935 2674 1110 2761 septingen-

98 2773 148 2825 tos
162 2772 193 2826 et
203 2760 318 2847 viginti
334 2760 447 2843 prioris
462 2760 525 2824 aevi
541 2780 642 2825 annos
658 2760 912 2835 multiauctoras
927 2762 1110 2836 retulerunt,

98 2847 179 2912 dum
193 2866 243 2910 res
259 2846 375 2932 Populi
390 2845 527 2909 Romani
553 2848 812 2910 memorabantur
837 2846 905 2929 pari
930 2846 1108 2930 eloquentii

98 2955 136 2999 ac
167 2934 316 2996 libertate.
361 2931 534 3016 Postquam
560 2932 724 3012 bellatum
740 2927 826 3013 apud
851 2931 991 3011 Actium,
1019 2946 1108 3014 atque

98 3038 232 3084 omnem
261 3030 449 3101 potestatem
476 3016 518 3080 ad
542 3038 648 3081 unum
676 3018 815 3082 conferri
844 3019 933 3100 pacis
960 3017 1108 3098 interluit,

99 3125 218 3191 magna
232 3103 289 3168 illa
303 3104 433 3189 ingenia
448 3104 591 3168 cessere:
614 3101 711 3166 simul
726 3104 843 3167 veritas
855 3105 1001 3185 pluribus
1012 3102 1109 3166 modis

101 3191 254 3271 infracta,
278 3190 414 3273 primurn
440 3188 566 3252 inscitia
595 3187 793 3271 Reipublicae
822 3199 860 3253 ut
888 3189 1012 3268 alienae,
1037 3208 1108 3253 mox

100 3277 231 3341 libidine
247 3275 438 3352 assentandi,
454 3285 509 3337 aut
524 3294 636 3338 rursus
647 3273 721 3337 odio
733 3275 883 3338 adversita
894 3275 1108 3338 dominantes:

100 3363 144 3426 ita
158 3362 281 3425 neutris
296 3382 375 3425 cura
393 3360 591 3443 posteritatis,
607 3360 690 3421 inter
713 3361 853 3424 infensos
874 3362 926 3424 vel
950 3360 1108 3441 obnoxios.

101 3448 163 3511 Sed
180 3444 386 3510 ambitionem
401 3445 563 3527 scriptoris
579 3444 672 3508 facile
688 3447 860 3526 averseris3
884 3444 1067 3509 obtrectatio
1080 3457 1111 3524 et

100 3532 184 3595 livor
219 3532 327 3615 pronis
355 3531 487 3594 auribus
520 3530 731 3612 accipiuntur.
775 3532 906 3614 Quippe
939 3532 1107 3616 adulationi

100 3614 223 3679 soedum
246 3615 367 3677 crimen
384 3615 555 3695 servitutis
571 3615 761 3700 malignitati
778 3618 857 3680 falsa
879 3616 1001 3698 species
1024 3616 1108 3691 libet·

100 3700 172 3761 tatis
186 3699 277 3761 inest.
321 3699 404 3762 Mihi
430 3700 544 3778 Galba,
568 3700 664 3782 Otho,
687 3703 843 3783 Vitellius,
867 3722 926 3766 nec
950 3702 1106 3784 beneficio,
