2392 4050
31 134 40 152 ⁵
114 171 157 234 bb
465 168 785 235 O.Goau.'1'acrnr
939 168 991 259 [A.
1004 171 1043 238 U.
1055 171 1120 237 822.

111 339 222 424 positas
246 340 395 406 cohortes
419 340 454 406 in
480 340 550 425 ipso
572 342 706 407 flumine
727 339 984 408 trucidaverant:
1007 341 1051 408 ita
1064 342 1122 407 vic·

112 437 195 490 tores
211 428 295 493 latus
310 427 453 492 hostiurn
467 427 597 490 invecti.

155 512 273 578 XLlV.
297 513 350 594 Et,
366 512 470 580 medii
491 511 562 576 acie
576 512 737 598 perrupta,
756 513 869 607 fugite
883 510 1006 597 possim
1030 511 1121 576 Otho

108 595 209 678 niem,
231 597 425 664 Bedriacum
440 609 592 682 patentes.
634 601 833 665 Immensum
847 597 882 664 id
896 597 1057 681 spatiumz
1073 598 1121 661 ab
1163 663 1164 666 ,

109 692 237 748 structae
251 694 357 771 strage
379 702 552 767 corporum
573 687 655 767 riae3
676 705 744 768 qno
767 685 841 768 plus
863 683 959 749 cedis
972 681 1052 747 suit:
1073 702 1122 746 nc·

111 788 178 851 que
199 769 297 853 enim,
317 770 467 836 civilibus
490 768 591 851 bellis,
616 770 701 853 capti
727 771 761 834 in
784 768 926 854 proednm
949 777 1121 834 vertuntur.

113 853 290 922 Suetonius
304 855 463 922 Paulinus
476 865 508 921 et
521 855 670 922 Licinius
690 856 848 922 Proculus
861 854 996 919 divesis
1011 854 1123 919 itineri·

111 940 184 1021 hus,
197 955 301 1007 castra
313 941 466 1007 vitauire.
509 942 649 1008 Vedium
664 941 828 1028 Aquilam,
840 940 1071 1005 tertiodecimo
1084 941 1124 1003 le-

111 1025 217 1110 gionis
231 1027 399 1115 Legatum,
422 1026 477 1090 irae
502 1023 644 1093 militurn
664 1028 868 1094 inconsultus
881 1045 980 1111 pavor
995 1025 1164 1175 obtuli?

111 1111 217 1177 multo
234 1112 343 1180 adhuc
355 1112 408 1178 die
423 1113 548 1178 vallum
567 1115 740 1202 ingressus,
754 1110 1054 1180 clamoreseditioso
1163 1107 1165 1122 '

111 1209 144 1261 et
165 1198 332 1286 higecinm
353 1199 646 1283 cireumstrepitnr:
669 1220 736 1268 non
750 1201 884 1287 probris,
898 1215 964 1264 non
979 1198 1125 1263 manibus

111 1285 292 1351 abstinent:
314 1286 526 1352 ‘desertorem
539 1286 806 1372 proditoremqne'
827 1288 1014 1371 increpant:
1036 1285 1126 1349 nullo

111 1372 242 1455 proprio
254 1372 389 1437 crimine
402 1369 484 1452 ejus,
497 1374 554 1437 sed
579 1393 667 1439 more
688 1375 792 1462 vulgi,
805 1394 904 1440 suum
924 1369 1062 1457 quisque
1073 1372 1123 1436 dn

111 1455 229 1541 gitium
243 1457 315 1522 aliis
329 1456 530 1538 objectantes.
574 1460 747 1526 Titianum
759 1472 791 1525 et
807 1462 939 1527 Celsum
958 1474 1024 1520 nox
1034 1457 1125 1539 juvit,

111 1543 272 1627 dispositis
280 1544 350 1627 jam
359 1545 515 1629 excubiis,
527 1546 779 1630 compressisque
792 1545 956 1624 militibus,
967 1563 1049 1627 quos
1063 1546 1126 1609 An·
1165 1585 1166 1616 1

112 1630 189 1696 nius
204 1631 321 1696 Gallus
345 1631 502 1715 precibus,
528 1632 675 1712 consilio,
702 1631 888 1697 auctoritate
913 1629 1057 1710 flexerat,
1070 1638 1125 1695 ‘ne
1165 1633 1166 1654 ¹

113 1735 211 1799 supet
235 1719 362 1784 cladem
374 1718 518 1784 adversae
532 1738 651 1802 pugna
664 1716 797 1784 suismet
809 1717 871 1802 ipsi
886 1714 1026 1782 eoedibus
1040 1717 1124 1782 saevi·

112 1814 202 1869 rent:
223 1806 292 1871 sive
306 1806 381 1871 linis
400 1806 484 1871 bello
504 1805 654 1887 venisset,
676 1822 734 1867 seu
757 1822 918 1868 resumere
939 1821 1029 1867 orma
1050 1804 1126 1867 ural-

113 1892 192 1971 lent,
213 1893 351 1969 unicum
372 1893 465 1958 victis
487 1892 522 1958 in
545 1909 705 1958 consensu
726 1890 964 1961 levamentum)
1007 1888 1126 1954 Ceteris

113 1980 234 2046 foetas
248 1980 386 2045 animus.
431 1978 647 2045 Praetutianus
659 1975 761 2057 miles,
785 1982 869 2042 ‘tion
883 1978 1000 2042 virtuts
1014 1997 1059 2056 se,
1070 1976 1124 2041 sed

113 2065 294 2151 proditione
321 2064 464 2148 victum'
487 2065 649 2151 fremebat.
694 2064 762 2127 ‘Ne
790 2062 970 2129 Vitellianis
997 2062 1126 2145 quidem

113 2154 318 2218 incruentam
339 2152 438 2216 fuisse
458 2150 634 2230 victoriam,
649 2151 746 2232 pulso
757 2147 872 2235 equite,
887 2148 977 2232 rapti
992 2147 1126 2234 legionis

113 2237 243 2323 aquili:
264 2257 431 2325 superesse
442 2257 519 2302 eum
534 2239 607 2323 ipso
628 2237 756 2301 Othone
779 2234 919 2303 militurn
938 2234 1027 2318 quod
1040 2247 1127 2300 trans

115 2324 242 2390 Padum
260 2325 374 2392 fuerit:
394 2326 679 2392 veniretMoesicas
694 2323 855 2411 legionese
875 2343 907 2387 m
951 2340 1028 2386 nam
1041 2339 1125 2385 exer-

113 2412 194 2477 citius
222 2425 346 2498 partem
370 2411 518 2477 Bedriaci
547 2410 755 2478 remansisse:
779 2410 839 2473 hos
868 2417 937 2474 cert
982 2406 1125 2471 nondum

111 2503 231 2567 victos:
254 2512 295 2584 et,
308 2503 336 2567 si
356 2501 402 2564 itn
415 2500 516 2583 ferret,
532 2498 695 2564 honestius
717 2496 751 2560 in
767 2496 836 2559 acie
849 2494 1026 2579 perituros?
1067 2492 1126 2558 His

111 2587 359 2673 cogitationibus
374 2598 479 2651 truces
494 2584 685 2669 impavidi,
701 2581 843 2649 extremit
857 2575 1123 2664 desperatione-ad

112 2673 196 2738 iram
209 2676 330 2759 sepitis,
345 2677 443 2758 quim
456 2674 489 2737 iu
505 2671 719 2750 formidinem,
735 2668 1042 2825 mmmm
1061 2749 1067 2760 1

55 2747 122 2892 Ὺ
155 2759 258 2825 XLV.
281 2762 325 2825 At
338 2759 532 2824 Vitellianus
546 2755 715 2835 exereitus,
727 2754 767 2818 ad
779 2753 895 2836 quintu
940 2771 960 2814 n
1042 2766 1125 2812 rraao

110 2845 251 2930 lapidem
265 2847 417 2925 consedit,
433 2864 498 2909 non
513 2843 601 2907 susis
616 2842 762 2906 Ducibus
773 2837 887 2935 eidem
898 2837 950 2901 die
964 2853 1125 2919 oppugna·

109 2931 230 2996 tionem
250 2945 445 2998 castrorum:
467 2929 565 2994 simul
585 2924 768 2994 voluntaria
791 2923 911 2987 deditio
934 2922 1123 3067 speralpffi.

110 3018 174 3082 Sed
188 3017 353 3102 expeditis,
368 3029 399 3084 et
413 3017 536 3082 tautum
558 3015 599 3079 ad
614 3012 760 3097 pralium
784 3009 928 3092 euressis,
947 3024 1026 3070 niun
1054 3089 1060 3102 .
1111 3039 1124 3050 ·

109 3115 180 3167 turn
197 3102 288 3170 lubre
311 3126 401 3170 arms
414 3113 446 3168 et
459 3101 602 3167 victoria.
646 3096 777 3164 Posteri
791 3064 853 3176 die,
869 3091 958 3192 haud
977 3086 1126 3174 ambigui

111 3188 290 3255 Othoniani
304 3188 462 3261 exercitiis
482 3189 658 3266 voluntate,
672 3195 713 3265 et,
728 3182 784 3267 qui
798 3180 969 3245 ferociores
990 3177 1123 3250 fuerant,

112 3274 152 3338 ad
175 3277 395 3358 peonitentiam
415 3273 657 3352 inclinantibus,
680 3269 778 3334 missa
800 3265 938 3354 legatio:
960 3282 1021 3327 nec
1041 3255 1123 3343 apud

111 3360 222 3425 Duces
237 3362 425 3427 Vitellianos
439 3358 629 3439 dubitatum,
644 3357 709 3439 qub
723 3352 829 3421 minius
844 3370 960 3448 pacem·
977 3344 1124 3412 comede-

112 3457 192 3509 rent.
235 3447 349 3532 Legati
363 3445 525 3528 paulisper
539 3442 671 3506 retenti:
693 3462 732 3506 ea
757 3457 809 3502 res
827 3437 1058 3535 hsssrtotrouenr
1081 3439 1124 3492 at-

112 3531 186 3592 tulit
201 3531 322 3613 ignaris
342 3531 457 3610 adhuc,
472 3549 514 3593 an
529 3526 760 3609 impetrissent.
804 3523 884 3588 Mox
899 3537 1031 3585 remissa
1045 3518 1122 3602 legs

111 3613 206 3693 tione,
222 3617 325 3697 patuit
337 3615 471 3679 vallum.
514 3613 607 3677 Tum
621 3611 699 3675 victi
710 3611 910 3691 victoresque
921 3606 956 3670 in
969 3607 1123 3687 lacrymas

108 3699 211 3781 suist,
219 3710 337 3767 sortem
347 3699 494 3766 civilium
505 3715 670 3763 armorum
679 3694 794 3762 miseri
806 3692 917 3759 letitii
925 3691 1121 3758 detestantes
