2392 4050
48 213 88 277 10
400 216 716 283 C.Coen.'1'scrr1
862 216 912 304 [A.
929 215 968 280 U.
984 216 1062 280 823.
1089 218 1095 229 '

44 383 109 448 rari
123 396 154 450 et
168 386 258 453 nasci
272 386 519 472 aPrincipibus,
541 388 717 471 fortuitum,
731 406 793 454 nee
817 390 902 454 ultra
924 389 1061 457 aestima-

45 480 117 536 tur:
137 468 311 556 adoptandi
332 473 494 555 judicium
516 474 698 559 integrum3
720 488 762 553 et,
784 473 812 536 si
827 476 908 540 velis
931 475 1062 560 eligere,

45 575 202 623 consensu
219 553 444 657 monstratur}
465 560 516 624 Sit
530 575 604 624 ante
613 563 725 624 oculos
740 561 834 643 Naro,
845 581 950 644 quem,
963 560 1061 645 longa

45 642 211 708 eaerum
225 645 309 708 serie
322 626 506 726 tuineutem,
520 664 585 710 non
603 645 739 726 Vindex,
750 656 831 709 ‘cum
851 645 964 709 inermi
990 665 1063 729 pro·

44 728 163 808 vincia,
178 740 234 794 aut
247 751 307 816 ego
322 750 399 796 eum
418 732 485 796 una
499 733 634 817 legione,
649 723 706 794 sed
719 752 780 797 sua
794 731 986 809 immanitas,
1001 751 1064 793 sua

45 813 185 896 luxuria,
200 817 379 881 cervicibus
393 817 531 900 publicis
551 817 722 901 depulerat
746 837 849 899 neque
864 816 934 880 aral
954 816 1063 880 adhuc

44 898 188 965 damnati
204 901 256 964 Pr'
272 900 363 984 'cipis
377 902 572 986 exemplum.
617 898 684 967 Nos
699 902 783 966 belle
798 913 829 966 et
847 903 887 967 ab
902 902 1063 965 aestiman-

45 922 348 1138 tibus'bicifflputn
373 976 668 1138 invidibffluamvis
691 989 821 1073 egregii,
837 987 966 1051 erimus.
1011 987 1062 1051 Ne

45 1080 152 1134 tamen
177 1075 250 1137 terri
288 1071 434 1155 sfueris,
449 1074 476 1137 si
547 1096 575 1139 ae
599 1075 742 1157 legiones
765 1075 810 1137 in.
826 1072 887 1136 lroc
912 1071 1066 1138 concussi
1160 1134 1165 1143 ,

45 1155 130 1221 orbis
144 1169 233 1239 motu
256 1158 401 1239 nondum
423 1159 604 1243 quiescunt.
649 1161 698 1224 Ne
720 1160 787 1242 ipse
801 1157 934 1240 quidem
959 1157 1000 1221 ad
1014 1178 1064 1221 se-

46 1261 143 1309 cures
170 1262 221 1321 res
245 1245 386 1310 accessi:
410 1256 450 1324 et,
475 1244 585 1309 audita
608 1245 786 1328 adoptione,
800 1244 946 1308 desinam
960 1242 1062 1308 videri

45 1346 162 1410 senex3
185 1330 272 1412 quod
284 1350 372 1394 nunc
385 1330 462 1394 milri
476 1351 580 1396 unum
591 1331 751 1412 objicitur.
796 1329 1063 1411 Nernapessimo

44 1432 173 1497 qnoque
187 1435 311 1500 semper
325 1414 571 1485 desiderabitur:
595 1417 675 1481 milri
692 1437 729 1480 ac
745 1415 802 1478 tibi
827 1413 1065 1497 providendum

45 1510 101 1578 est,
116 1518 156 1563 ne
171 1501 269 1564 etiarn
279 1523 302 1564 a
317 1502 408 1565 bonis
423 1500 629 1566 desideretur.
674 1503 806 1584 Monere
818 1499 945 1580 diutius,
958 1519 1064 1582 neque

45 1586 232 1667 temporish
260 1585 328 1668 'us3
351 1598 382 1651 et
403 1587 642 1673 impletumest
658 1607 759 1665 ,omne
785 1586 967 1665 consilium,
982 1583 1009 1648 si
1032 1595 1065 1648 te

7 1658 27 1745 'l
45 1670 126 1735 bene
136 1671 227 1755 elegi.
266 1662 672 1757 Utilissimnsqueidemac
685 1670 893 1736 brevissimus
904 1674 1064 1735 bonarum

8 1804 16 1847 ,
47 1758 268 1840 malarumque
291 1777 399 1822 return
420 1757 564 1845 delectu·
580 1762 644 1841 est,
659 1758 807 1843 cogitare,
830 1757 908 1840 qnid
931 1765 988 1820 aul
1010 1776 1066 1824 vo·

47 1840 146 1906 lueris
160 1844 221 1908 sub
241 1842 304 1907 alio
318 1844 478 1928 Principe,
494 1856 550 1910 aut
571 1845 725 1923 nolueris.
769 1845 882 1925 Neque
896 1843 984 1907 enirn
998 1841 1063 1924 hic,

45 1928 130 1995 utin
146 1929 258 1993 ceteris
279 1930 438 2016 gentibus,
452 1951 523 2012 quae
547 1941 732 2017 regnantur,
747 1941 833 1994 certa
857 1927 1065 1992 dominorum

45 2011 170 2094 domus,
192 2023 225 2077 et
246 2018 341 2080 ceteri
365 2014 470 2079 servi:
491 2010 548 2080 sed
573 2016 787 2099 imperaturus
810 2036 844 2079 es
869 2014 1063 2095 hominibus,

46 2098 104 2180 qni
119 2118 179 2162 nec
194 2110 292 2164 totam
311 2100 497 2165 servitutem
518 2101 583 2185 pati
609 2111 752 2184 possunt,
768 2120 828 2164 nec
851 2111 949 2164 totam
972 2100 1064 2163 liber-

47 2185 163 2248 tatem!
207 2184 252 2248 Et
267 2186 372 2249 Galba
396 2183 528 2267 quidem
549 2185 618 2253 haec
641 2206 680 2249 ac
695 2187 781 2266 talia,
795 2197 949 2268 tanquam
974 2185 1067 2250 Prin·

46 2270 148 2353 cipem
164 2268 298 2353 faceret3
322 2271 419 2334 ceteri
434 2280 587 2356 tanquam
602 2292 678 2336 cnm
692 2270 775 2335 sacto
798 2272 1020 2353 loquebantur.

90 2355 198 2419 XVII.
221 2356 381 2436 Pisonem,
391 2331 508 2438 ierunt,
517 2357 625 2436 statim
636 2357 843 2436 intuentibus,
855 2366 886 2419 et
897 2376 974 2444 mos
988 2375 1064 2421 con-

43 2440 137 2522 jectis
151 2442 185 2505 in
200 2442 448 2506 entu'omnium
473 2443 587 2525 oculis,
603 2444 735 2507 nullum
756 2442 874 2508 turbati
894 2451 950 2505 ant
968 2443 1064 2524 '‘exul-

47 2528 143 2592 tantis
157 2526 258 2591 animi
274 2538 398 2593 motum
412 2527 598 2611 prodidisse.
642 2530 754 2593 Sermo
769 2550 844 2615 erga
864 2527 1066 2623 patrerdlm-

46 2623 286 2697 peratoremque
312 2633 467 2692 reverens,
482 2613 522 2678 de
544 2635 578 2679 se
604 2613 795 2693 moderatus,
811 2613 894 2677 nibil
920 2614 953 2676 in
971 2613 1065 2677 vultu

37 2697 419 2781 vhabituqnemutatnn13
442 2700 534 2782 quasi
551 2701 705 2783 imperare
726 2710 831 2782 posset
852 2699 952 2782 magis
966 2699 1065 2780 quam

47 2786 155 2849 vellet.
200 2785 424 2850 Consultatum
438 2784 523 2865 inde,
539 2793 613 2870 ‘pro
627 2786 745 2864 rostris,
761 2806 802 2849 an
818 2785 855 2847 in
869 2785 1007 2862 Senatu,
1021 2803 1064 2848 an

46 2869 208 2934 incastris
224 2871 626 2954 adoptionuneupnretur.'
671 2871 733 2934 ‘Iri
745 2870 778 2935 in
791 2871 912 2949 eastra?
924 2870 1064 2953 placuit:

46 2956 280 3021 ‘honorificum
303 2956 336 3018 id
358 2954 515 3020 militibus
537 2956 613 3036 sure,
628 2976 766 3040 quorum
788 2958 939 3035 savorem,
954 2956 1065 3020 ullar-

45 3042 168 3127 gitione
181 3054 213 3106 et
227 3042 348 3108 ambitu
365 3041 455 3136 malle,
464 3042 596 3126 acquiri,
612 3041 658 3105 ita
681 3044 850 3125 perbonas
872 3052 954 3105 artes
976 3038 1066 3104 haud

47 3129 285 3211 spernendum!
329 3128 590 3193 Oircttmsteterat
604 3126 732 3204 interim
757 3127 913 3211 palatium
937 3126 1066 3208 publiea

47 3214 235 3296 expectatio,
252 3213 361 3297 magni
385 3213 497 3277 secreti
519 3213 710 3296 impatiens:
732 3224 765 3277 et
783 3214 866 3278 malla
893 3210 1066 3298 coercitam

1 3354 3 3362 .
48 3298 168 3364 famam
182 3299 417 3381 supprimentes
432 3300 602 3385 angebant.
964 3335 966 3338 -

92 3384 216 3448 XVIII.
240 3386 406 3462 Quartum
439 3384 517 3448 Idus
546 3383 725 3464 lanuarias,
755 3383 880 3448 foedum
911 3382 1068 3448 imbribus

49 3468 143 3546 diem,
159 3469 299 3532 tonitrua
312 3478 344 3532 et
365 3466 497 3553 fulgura
510 3480 541 3533 et
555 3469 814 3546 eoetamminae
829 3473 912 3534 ultra
934 3447 1084 3540 solitumi

48 3554 262 3616 turbaverant.
307 3553 520 3617 Observatum
534 3554 566 3619 id
582 3553 756 3636 antiquitbs
768 3553 1067 3637 comitiisdirimen·

49 3636 99 3696 dis
111 3654 176 3698 non
188 3639 300 3701 terruit
312 3638 458 3714 Galbam,
473 3640 538 3720 qud
549 3640 654 3704 minbs
669 3640 702 3701 in
715 3650 819 3705 castra
828 3651 980 3724 pergeret,
992 3658 1068 3703 con·

49 3726 217 3783 temtorem
231 3722 354 3802 talium,
368 3733 406 3787 ut
418 3722 623 3791 fortuitorum
633 3748 641 3809 3
664 3744 731 3807 seu,
745 3745 816 3811 qnae
839 3725 903 3791 fato
926 3732 1067 3806 manent,
