2392 4050
29 9 249 86 m*

45 224 83 290 A.
96 225 206 312 ute]
318 224 468 290 Hraron.
483 222 563 289 Lm.
580 224 757 290 Tsanrns.
986 225 1046 289 121
1139 172 1146 243 ἰ

42 414 112 462 rum
133 398 246 462 socias.
289 398 426 462 Vocatus
450 395 491 462 ad
515 396 706 462 concionem
730 388 892 462 Antonius
917 394 1049 462 docuit:

44 488 123 547 ‘esse
147 483 255 548 adhuc
283 483 415 549 Vitellio
438 483 532 562 vires,
562 482 738 568 ambiguas,
761 480 789 545 si
818 481 1048 567 deliberarent3

43 587 133 650 acres,
148 570 176 633 si
196 567 426 652 desperassent
469 567 567 632 Initia
580 568 740 633 bellomm
753 567 902 632 civilium
915 567 1050 635 fortunae
1154 568 1155 629 3

42 653 265 736 permittenda3
289 653 457 718 victoriam
469 652 612 718 consiliis
634 663 666 716 et
679 655 800 719 ratione
814 651 933 737 perlici.
977 654 1051 719 Jam
1155 670 1156 675 ’

44 738 253 805 Misenensem
274 740 410 803 classem
430 747 464 800 et
481 737 729 820 pulcherrimam
752 738 936 822 Campania
960 757 1052 804 cram
1156 788 1157 819 ,

42 821 228 890 descivisse:
249 843 310 889 nec
325 825 398 908 plus
412 844 430 887 e
445 834 511 887 toto
522 835 679 887 terrarum
693 825 767 888 orbe
781 824 945 906 reliquum
954 824 1051 889 Vitel-

43 907 92 988 lio,
119 918 218 993 quam
240 907 327 993 quod
350 910 431 973 inter
455 908 670 973 Tarracinam
698 908 916 992 Narniamque
938 908 1050 989 jaceat.

41 992 120 1058 Satis
133 996 245 1080 gloriae
259 993 369 1078 praelio
385 993 594 1059 Cremonensi
609 1003 744 1076 partum,
759 1006 790 1059 et
803 995 902 1058 exitio
923 996 1052 1061 Cremo-

42 1097 89 1143 na
101 1081 239 1145 nimium
252 1079 403 1160 invidia,
425 1098 468 1142 nc
489 1079 754 1161 concupiscerent
778 1079 916 1144 Romam
937 1100 1050 1165 capere

42 1165 148 1247 potins,
161 1166 260 1249 quim
274 1183 418 1230 servare:
440 1162 561 1246 majora
575 1163 640 1229 illis
654 1164 791 1248 praemia,
805 1176 837 1229 et
851 1167 954 1230 multe
964 1187 1053 1233 max·

42 1248 140 1316 imum
153 1251 262 1333 decus,
277 1250 304 1314 si
316 1250 569 1315 incolumitatem
583 1250 718 1316 Senatui
733 1251 921 1334 Popuioqua
935 1252 1052 1317 Roma-

42 1352 82 1399 no
95 1336 165 1400 sine
179 1336 338 1423 sanguine
351 1334 557 1433 quaesissent'

81 1422 167 1488 LXL
190 1420 251 1486 His
265 1441 304 1486 ac
318 1421 436 1485 talibus
458 1420 593 1505 mitigati
609 1419 719 1485 animi.
763 1421 832 1487 Nec
856 1422 957 1487 multo
981 1433 1053 1507 post

43 1505 179 1592 legiones
207 1507 333 1573 venere.
390 1505 435 1570 Et
461 1515 579 1571 terrore
608 1505 757 1588 famique
782 1506 869 1572 aucti
894 1510 1052 1574 exercitiis

44 1591 220 1659 Vitellianae
235 1593 379 1657 cohortes
388 1591 553 1671 nutabant,
568 1592 662 1656 nullo
676 1590 711 1655 in
722 1593 844 1658 bellum
855 1592 1052 1674 adhortante,

44 1678 149 1743 multis
163 1677 204 1741 ad
218 1677 448 1756 transitionem,
462 1675 518 1759 qui
533 1696 609 1740 suas
624 1677 784 1741 centurias
798 1687 982 1763 turmasque
991 1690 1053 1743 tra·

42 1759 121 1843 dere,
134 1763 259 1828 donum
272 1762 394 1844 victori,
418 1772 450 1826 et
472 1761 533 1825 sibi
554 1761 590 1825 in
614 1771 777 1845 posterum
796 1764 941 1848 gratiam,
956 1775 1054 1829 certa·

44 1846 124 1913 bart
167 1849 229 1913 Per
241 1868 343 1911 eosco
388 1848 535 1926 imment,
551 1848 785 1912 ‘Interamnam
799 1847 954 1930 proximis
969 1868 1054 1914 cam-

45 1933 88 2014 pis
110 1933 256 2019 prasidio
277 1952 341 2017 qua
379 1933 585 2017 ingentomm
604 1933 751 2014 equitum
770 1933 890 1997 teneri?
933 1933 1053 1998 Missus

44 2020 199 2105 extemplo
213 2018 325 2101 Varus,
341 2039 418 2083 cum
434 2017 582 2101 expediti
606 2036 716 2099 manu,
739 2039 858 2103 paucos
872 2038 1053 2105 repugnan-

45 2104 309 2171 tiuminterfecit:
331 2107 448 2188 plures,
463 2103 594 2184 abjectis
617 2104 722 2184 armis,
744 2104 874 2169 veniam
894 2106 1052 2189 petivere:

44 2191 172 2271 quidam
185 2190 220 2255 in
241 2201 345 2254 castra
358 2188 470 2278 refugi,
485 2201 602 2254 cuncta
615 2188 785 2253 formidine
799 2191 982 2275 implebant
998 2212 1053 2257 au·

45 2276 144 2359 gendo
158 2276 340 2340 rumoribus
355 2275 508 2339 virtutem
521 2274 691 2359 copiasque
703 2275 854 2357 hostium,
865 2297 929 2360 quo
945 2279 1053 2343 amissi

46 2360 179 2440 praesidii
203 2360 343 2425 dedecus
367 2361 513 2425 lenirent
566 2359 636 2424 Nec
660 2361 730 2424 ulla
753 2362 840 2443 apud
862 2362 1051 2427 Vitellianos

47 2442 152 2532 fiagitii
166 2465 281 2531 poena:
303 2456 334 2510 et
358 2444 498 2529 praemiis
512 2444 708 2510 defectorum
721 2465 814 2509 versa
828 2445 915 2528 fides,
930 2467 968 2511 ac
982 2448 1053 2513 reli-

46 2547 142 2611 quum
156 2531 294 2615 perfidia
314 2542 492 2597 certamen:
514 2531 626 2595 crebra
638 2530 817 2618 transfugia
832 2532 1053 2599 Tribunorurn

47 2615 354 2700 centurionumque3
375 2636 453 2681 nam
476 2617 642 2700 gregarius
665 2616 757 2680 miles
780 2616 970 2684 induruerat
993 2637 1050 2703 pro

49 2698 180 2784 Vitellio,
203 2703 306 2766 donec
321 2703 450 2767 Priscus
473 2715 504 2766 et
518 2701 696 2784 Alphenus,
722 2701 855 2767 desertis
876 2706 996 2786 castris,
1011 2707 1053 2770 ad

49 2782 359 2874 Vitellinmregressi,
368 2785 489 2871 pudore
500 2786 686 2871 proditionis
696 2799 831 2854 cunctos
842 2792 1052 2856 exsolverent.

86 2874 191 2939 LXII.
213 2872 333 2938 lisdem
345 2870 457 2937 diebus
469 2872 590 2937 Fabius
604 2873 720 2937 Valens
733 2873 846 2938 Urbini
858 2874 892 2939 in
907 2875 1053 2938 custodiri

52 2954 241 3023 interficitur.
285 2958 391 3043 Caput
418 2958 487 3039 ejus
509 2957 690 3021 Vitellianis
712 2957 896 3023 cohortibus
919 2970 1054 3024 ostenta-

51 3049 122 3126 tum,
135 3064 176 3109 ne
190 3062 290 3128 quam
303 3044 388 3107 ultra
404 3064 495 3128 spem
509 3042 669 3107 foverent:
692 3061 778 3122 nam,
802 3043 993 3127 ‘pervasisse
1018 3045 1053 3110 in

52 3127 233 3195 Germanias
248 3129 422 3209 Valentem,
445 3140 476 3195 et
489 3137 611 3193 veteres
632 3127 700 3192 illic
714 3146 878 3211 novosque
892 3129 1052 3210 exereitus

52 3212 133 3280 ciere'
153 3215 336 3281 eredebant.
379 3215 456 3279 Visi
470 3212 556 3279 caede
577 3213 613 3277 in
627 3212 877 3295 desperationem
897 3216 1000 3281 versi:
1022 3226 1054 3283 et

54 3294 220 3366 Flavianas
248 3300 415 3381 exercitus,
441 3300 579 3364 immane
605 3309 762 3382 quantum
786 3300 894 3363 animo
918 3301 1054 3370 exitium

56 3379 194 3466 Valentis,
225 3395 262 3449 ut
289 3385 390 3449 finem
414 3385 498 3463 belli,
526 3384 657 3467 accepit.
714 3385 818 3449 Natus
846 3396 914 3449 erat
935 3388 1054 3454 Valens

57 3467 211 3557 Anagnia,
226 3471 379 3556 Equestri
400 3470 543 3535 familiai:
562 3489 680 3553 procax
704 3471 856 3550 moribus,
877 3492 980 3556 neque
1002 3475 1054 3537 ab·

57 3556 159 3622 turdus
180 3558 321 3643 ingenio,
337 3555 455 3622 famam
477 3556 666 3621 urbanitatis
687 3574 745 3643 per
759 3555 926 3619 lasciviam
939 3569 1054 3639 petere.

60 3633 186 3707 Ludicro
195 3641 400 3724 juvenaliunr
409 3643 469 3706 sub
478 3642 615 3719 Nerone,
627 3641 717 3704 velut
725 3660 767 3703 ex
776 3639 970 3716 necessitate,
979 3658 1056 3701 mox

46 3727 166 3810 tepente,
175 3729 298 3795 'mimos
312 3728 465 3808 actitavit,
478 3724 683 3874 scitlblmagis,
698 3725 794 3808 quim
807 3722 913 3805 probe.
956 3723 1057 3802 Lega-
