2392 4050
71 171 106 237 t.
121 168 229 262 G.69.]
353 173 503 240 Hrsroa.
518 172 793 283 Lrs3'1'asrrus.
1008 176 1073 241 117

69 362 122 410 nec
134 345 332 410 sermonibus
346 348 547 431 temperabat,
561 345 754 411 immodicus
766 344 880 431 lingui
888 354 920 410 et
928 346 1073 431 obsequii

70 429 219 496 insoleus:
242 432 348 497 literas
372 432 413 496 ad
436 432 671 516 Vespasianum
695 430 883 515 composuit,
900 431 1073 514 jactantius
1127 498 1130 513 ,

68 517 157 597 quam
170 515 210 580 ad
231 515 424 601 Principem,
446 537 508 582 nec
525 518 595 583 sine
614 517 742 582 occului
761 518 795 582 iu
811 516 1004 582 Mucianum
1025 517 1075 582 in·

67 603 249 668 sectatione:
272 609 327 666 ‘se
338 603 542 667 Pannonicas
554 604 697 689 legiones
711 602 745 666 in
760 621 850 666 arma
860 602 984 688 egisse:
1005 604 1074 667 suis

67 687 196 751 stimulis
211 688 333 753 excitos
352 688 474 752 Moesioe
492 689 612 769 Duces,
632 688 694 752 sud
711 688 889 752 constantia
907 706 1001 770 perru

67 772 165 855 alpes,
179 784 370 858 occupatam
383 773 519 855 Italiam,
539 774 712 857 intersepta
726 774 964 838 Germanorum
1032 794 1074 837 ae·

67 867 226 942 torumque
240 860 371 925 auxilia.
416 859 517 931 Qubd
531 860 693 927 discordes
715 858 937 943 dispersasque
951 859 1074 925 Vitellii

62 943 195 1028 legiones
208 945 348 1028 equestri
361 947 512 1028 procelli,
527 965 605 1010 mox
615 945 761 1028 peditum
771 946 814 1024 vi,
830 964 885 1028 per
897 944 984 1009 diem
997 964 1073 1010 noc·

65 1038 193 1112 temque,
208 1029 353 1113 fudisset,
369 1029 403 1093 id
417 1031 682 1115 pulcherrimum,
704 1040 736 1093 et
749 1029 801 1093 sui
815 1030 928 1113 operis.
952 1031 1074 1097 Casum

65 1114 224 1180 &emona
245 1117 331 1180 bello
352 1115 599 1200 imputandum:
631 1115 752 1197 majore
776 1115 905 1195 damno,
925 1115 1073 1213 plurium

64 1201 186 1266 urbium
209 1200 355 1281 excidiis,
379 1214 502 1266 veteres
529 1201 653 1267 civium
675 1198 851 1266 discordias
874 1200 1072 1286 Reipublicae

63 1286 188 1351 stetisse.
231 1287 307 1351 Non
327 1307 362 1350 se
384 1288 516 1369 nuntiis,
542 1306 648 1370 neque
667 1287 817 1370 epistolis,
842 1287 899 1352 sed
920 1305 1019 1351 mauu
1039 1297 1073 1353 et

63 1371 151 1436 armis
175 1372 363 1458 Imperatori
390 1391 451 1437 suo
479 1373 640 1438 militaret
675 1392 779 1457 neque
808 1372 933 1439 officere
948 1370 1072 1523 ffi

62 1474 175 1539 eorum,
200 1458 258 1541 qui
281 1458 393 1523 Asiam
414 1458 546 1524 interim
569 1459 827 1544 composuerint:
859 1457 925 1522 illis
1033 1457 1040 1470 '

61 1558 173 1622 pacem,
196 1544 258 1608 sibi
279 1545 418 1608 salutern
436 1544 702 1627 securitatemque
720 1543 832 1624 Italiae,
854 1542 943 1608 cordi
962 1542 1071 1608 inimo.

61 1625 130 1691 Suis
144 1628 423 1694 exhortationibus
438 1630 562 1695 Gallias
577 1627 822 1712 Hispaniasque,
837 1627 1073 1695 validissimam

62 1720 213 1778 terramm
227 1723 359 1799 partem,
381 1713 423 1778 ad
433 1715 668 1798 Vespasianum
685 1732 866 1780 conversas.
908 1712 975 1779 Sed
988 1713 1072 1778 ceci·

61 1796 137 1862 disse
151 1798 188 1864 in
203 1799 332 1863 irritum
346 1800 479 1881 labores,
493 1802 521 1865 'si
535 1800 667 1884 praemia
681 1799 898 1883 periculorum
912 1799 973 1863 soli
987 1817 1072 1862 asse-

60 1894 203 1966 quantur,
229 1884 288 1968 qui
307 1884 460 1967 periculis
480 1904 547 1951 non
571 1883 742 1949 affuerint²
786 1884 855 1948 Nec
877 1882 1018 1949 fefellere
1032 1903 1072 1948 ea

62 1967 269 2036 Mucianum:
290 1968 365 2035 inde
379 1990 494 2056 graves
504 1972 700 2037 simultates:
722 1987 803 2054 quas
817 1968 980 2035 Antonius
993 1969 1069 2036 sitn-

61 2055 178 2139 pliciirs,
194 2057 367 2123 Mucianus
382 2057 507 2138 callide,
522 2057 624 2141 eoque
634 2055 867 2139 implacabilius
881 2055 1050 2121 nutriebat.

99 2141 185 2206 LIV.
205 2145 249 2209 At
263 2142 423 2223 Vitellius,
438 2142 547 2208 fractis
561 2142 649 2226 apud
664 2143 857 2207 Cremonam
868 2142 972 2222 rebus,
987 2159 1072 2207 nun·

57 2224 112 2289 tlos
126 2225 229 2292 cladis
250 2228 426 2311 occultans,
448 2228 547 2293 stulta
569 2227 835 2308 dissimulatione,
857 2226 999 2292 remedia
1012 2245 1069 2311 po·

61 2309 116 2376 rios
129 2314 300 2395 malorum,
314 2316 411 2398 quim
425 2316 518 2397 mala,
540 2313 725 2404 differebat„
757 2313 891 2396 Quippe
905 2311 1071 2378 confitenti

61 2400 314 2483 consultantique
325 2410 512 2483 supererant
522 2419 594 2484 spes
603 2398 769 2482 viresque:
791 2399 866 2463 curu
879 2418 897 2463 e
911 2397 1071 2463 contrario

60 2482 129 2547 loeta
148 2484 417 2570 omniallngeret,
438 2484 527 2550 falsis
548 2484 799 2571 ingravescebat.
841 2484 965 2548 Mirum
985 2481 1072 2568 apud

60 2566 163 2650 ipsum
176 2569 217 2634 de
230 2570 316 2635 bello
330 2569 517 2635 silentium:
539 2569 692 2653 prohibiti
706 2589 762 2653 per
777 2568 939 2635 civitatem
953 2586 1074 2633 sermo·

59 2670 130 2719 nes:
151 2655 254 2738 εόᾳιιο
262 2661 381 2740 plures,
393 2676 440 2736 ac,
453 2657 481 2719 si
492 2655 610 2737 liceret,
628 2656 704 2720 vere
715 2654 884 2735 narraturi,
897 2654 975 2738 quia
984 2663 1071 2719 veta·

60 2736 181 2822 bantur,
204 2741 361 2805 atrociora
381 2742 605 2826 vulgaverant.
650 2741 719 2806 Nec
740 2742 839 2807 ducos
853 2741 994 2806 hostium
1014 2758 1072 2804 au·

59 2825 167 2905 gandae
181 2825 276 2890 fama
290 2825 430 2907 deerant,
446 2838 556 2910 captos
567 2826 689 2891 Vitellii
700 2829 924 2910 exploratores,
936 2826 1072 2891 circum·

60 2908 240 2996 ductosque,
263 2922 300 2975 ut
313 2912 428 2976 robora
441 2911 571 2977 victoris
592 2911 750 2977 exercitus
768 2922 945 2992 noscerent,
966 2909 1073 2974 remit·

60 2995 171 3062 teudo:
193 3015 277 3080 quos
291 3016 402 3062 omnes
417 2997 575 3077 Vitellius,
590 2997 712 3060 secreto
725 3004 962 3080 percunctatus,
975 2995 1072 3059 inter·

61 3077 111 3143 lici
122 3081 227 3163 jussit.
270 3082 413 3147 Notabili
425 3082 604 3147 constantia
616 3082 780 3161 Centurio,
795 3081 904 3147 Julius
917 3081 1070 3165 Agrestis,

59 3176 125 3246 post
138 3169 258 3233 multos
271 3187 442 3248 sermones,
456 3168 575 3252 quibus
587 3166 754 3232 Vitellium
768 3166 809 3230 ad
824 3166 976 3231 virtutem
990 3166 1073 3233 frus

61 3251 105 3314 trl
118 3252 317 3334 accendebat,
339 3251 487 3337 perpulit,
508 3263 545 3317 ut
559 3252 601 3317 ad
616 3251 699 3316 vires
717 3252 859 3318 hostium
872 3253 1070 3338 spectandas,

64 3354 195 3421 qumque
220 3338 307 3421 apud
336 3340 529 3404 Cremonam
554 3350 626 3403 acta
654 3336 765 3423 forent,
792 3339 860 3424 ipse
884 3339 1071 3405 mitteretur.

60 3418 124 3486 Nec
145 3423 362 3507 exploratione
376 3423 503 3489 occulti
522 3424 632 3490 fallere
653 3423 834 3490 Antonium
847 3425 992 3505 tentavit,
1013 3424 1071 3488 sed

63 3508 206 3573 mandata
234 3509 437 3593 Imperatoris
464 3528 627 3593 suumque
655 3508 801 3575 animum
835 3510 1006 3596 professus,
1034 3519 1073 3574 ut

63 3603 173 3658 cuncta
186 3595 314 3675 viseret,
338 3597 487 3679 postulat.
532 3594 634 3674 Missi,
656 3595 713 3676 qui
732 3596 841 3660 locum
860 3593 974 3678 praelii,
996 3594 1073 3652 Ore-

63 3692 160 3744 mona
173 3679 321 3768 vestigia,
334 3689 443 3765 captas
458 3678 605 3768 legiones
616 3679 828 3745 ostenderent.
872 3675 1017 3762 Agrestis
1031 3672 1073 3735 ad
