2392 4050
131 194 193 265 106
472 198 510 263 Ο.
526 200 636 266 Ooau.
653 199 789 266 Tacts:
949 199 1001 289 [A.
1015 199 1054 264 U.
1065 197 1132 263 822

127 371 265 439 benun:
288 390 366 437 mox
379 372 506 438 vallum
529 381 701 457 portasque
727 371 909 459 legionibus
933 371 1076 451 attribuit,
1096 380 1132 434 ut

128 456 286 522 ffimreum
300 457 392 523 lebor
405 455 501 523 fortes
515 458 715 543 ignavosque
728 457 948 546 distingueret,
963 470 1054 542 atque
1071 455 1131 540 ipsi

129 542 334 608 contentione
348 542 474 608 decoris
485 543 744 610 accenderentur.
782 539 1132 613 ProximaBedriacensi

128 627 192 693 via
205 628 333 693 tertiani
347 628 580 779 septimanique
605 630 769 694 sumsere:
790 630 971 696 dexteriora
994 628 1075 722 valli
1089 645 1134 723 oc

128 723 256 779 tavaac
277 714 412 798 septima
435 715 518 779 Clau
541 716 637 779 iana:
658 715 936 782 tertiadecimanos
961 716 1003 781 ad
1025 715 1135 779 anra·

128 817 207 865 nam
220 810 345 885 portam
359 799 497 883 impetus
517 802 601 866 tulit.
644 800 787 866 Paulum
808 801 883 866 inde
905 822 1011 883 mora,
1031 799 1135 864 dume

128 885 285 969 proximis
300 885 387 972 agris
402 885 534 972 ligones,
560 886 718 968 dolabras,
738 896 770 950 et
791 888 846 952 alii
862 885 969 967 falces,
984 888 1134 967 scalasque

129 982 335 1036 convectant:
349 979 429 1051 tnm,
439 972 530 1037 cletis
539 991 637 1070 snper
645 972 751 1055 capite
760 973 868 1054 scutis,
879 973 981 1038 densi
990 970 1135 1038 testudine

129 1054 316 1121 succedunt
361 1055 517 1121 Romana
531 1067 695 1142 utumque
714 1070 814 1124 artes:
836 1058 979 1144 pondere
999 1073 1135 1122 saxorum

129 1139 294 1207 Vitelliani
304 1143 511 1226 provolvunt,
524 1142 692 1226 disjectum
702 1142 945 1229 fluitantemque
956 1141 1136 1209 testudinem

126 1225 248 1291 lanceis
262 1226 428 1312 contisque
441 1239 645 1294 scrutantur:
667 1228 780 1310 donec,
790 1231 896 1295 soluti
909 1249 1063 1316 compage
1073 1243 1134 1290 scu·
1169 1298 1170 1307 χ

127 1321 245 1393 torum,
268 1332 449 1401 exsangues
470 1324 528 1379 aut
552 1316 675 1380 laceros
698 1326 930 1400 prosternerent
952 1317 1135 1381 multbcum

1169 1420 1170 1455 l

129 1406 175 1461 etr
235 1443 243 1461 .

173 1416 327 1550 igitur
348 1483 526 1550 lacesseret
539 1486 713 1568 annotatio,
728 1485 763 1551 ni
779 1487 889 1553 Duces
905 1487 989 1553 fesso
1003 1485 1100 1564 militi,
1111 1490 1137 1544 et
1169 1569 1170 1574 ἵ

129 1569 222 1634 velut
236 1568 340 1634 irritas
350 1569 587 1638 exhortationes
599 1573 763 1652 abnuenti,
775 1573 970 1638 Cremonam
981 1570 1137 1638 monstris
1168 1600 1170 1655 l

129 1665 211 1719 aaut
255 1653 412 1720 Hormine
427 1655 469 1720 ad
479 1656 659 1743 ingenium,
673 1668 710 1722 ut
721 1659 873 1724 Messalla
882 1658 987 1738 tradit,
997 1678 1039 1721 an
1048 1656 1135 1741 potior

130 1749 242 1805 auctor
263 1741 305 1805 sit
329 1741 366 1807 G.
382 1740 509 1807 Plinius
522 1743 578 1826 qui
594 1744 774 1809 Antonium
792 1743 927 1825 incusat,
943 1743 1033 1808 haud
1053 1739 1135 1805 facile

129 1825 358 1892 discreverim:
379 1826 451 1909 nisi,
466 1828 554 1911 qubd
568 1848 674 1912 nequa
689 1830 860 1910 Antonius,
879 1849 984 1915 neque
998 1830 1135 1904 Hormus,
1169 1866 1170 1903 q

116 1912 151 1974 ‘a
171 1911 258 1977 sami
271 1913 401 2011 nitique
414 1912 484 1994 sui,
505 1914 656 2012 quamvis
676 1912 814 1999 pessimo
833 1915 965 2002 flagitio,
980 1914 1136 2001 degenera-

130 1995 217 2065 vere.
261 1998 336 2065 Non
348 2018 416 2080 Jum
429 2019 572 2086 sanguis,
583 2018 689 2085 neque
700 2003 835 2068 vulnera
845 2003 1058 2081 morabantur,
1069 1998 1135 2083 quin

130 2085 322 2149 subruerent
335 2085 469 2165 vallum,
491 2095 721 2171 quaterentque
736 2099 863 2171 portas3
886 2088 994 2153 innixi
1008 2082 1136 2151 humeris

130 2179 163 2232 et
187 2188 283 2252 super
297 2170 444 2235 iteratam
457 2171 652 2237 testudinem
668 2173 866 2254 scandentes,
881 2182 1067 2258 prensarent
1080 2171 1135 2233 bos

130 2251 215 2319 tium
225 2254 289 2319 tela
302 2255 512 2339 brachiaque:
535 2257 654 2343 integri
663 2277 740 2322 cum
750 2258 878 2341 sauciis,
890 2258 1064 2324 semineces
1073 2272 1135 2346 cunr

130 2339 376 2424 exspirantibus,
387 2343 574 2426 volvuntur,
584 2344 677 2408 varii
690 2344 896 2427 pereuntium
907 2344 1009 2409 sormi
1021 2355 1051 2409 et
1059 2354 1134 2405 omn:

132 2423 145 2487 l
226 2425 277 2490 'ue
291 2425 455 2493 mortium.

70 2476 126 2638 ὁ(
264 2512 307 2577 Χ.
330 2512 533 2578 Acerrimum
556 2515 699 2599 septima
724 2514 890 2599 tertiaeque
905 2514 935 2578 le
959 2513 1071 2579 ionum
1084 2527 1134 2576 oer-

131 2605 259 2661 tamen:
281 2597 404 2662 etDux
417 2599 589 2680 Antonius,
612 2620 689 2665 cum
710 2599 840 2665 delectis
865 2534 1133 2678 auxiiiaribusmb

131 2680 208 2746 dem
221 2681 421 2747 incubuerat.
465 2684 651 2749 Obstinetos
674 2687 758 2750 inter
782 2706 816 2750 sc
830 2692 903 2750 cum
926 2685 1083 2750 sustinere
1095 2679 1134 2744 ti·

131 2767 257 2831 telliani
271 2766 450 2852 nequirent,
464 2778 496 2832 et
506 2769 687 2853 superjacta
700 2773 764 2837 tela
777 2770 937 2837 testudine
951 2772 1133 2844 laberentur:

132 2852 238 2938 ipsam
258 2852 419 2938 postremi
441 2854 590 2922 balistam
618 2857 654 2922 in
678 2858 852 2923 subeuntes
876 2856 1050 2941 populere:
1070 2871 1134 2939 que,
1170 2861 1171 2916 l

28 2989 29 3006 2
131 2939 223 3004 utad
237 2938 1133 3032 presensdisjecitobruitque,quosinciderat,itapinntt

132 3046 169 3091 ac
183 3043 312 3091 summu
324 3026 404 3092 valli
419 3025 516 3092 ruini
529 3028 717 3093 subtraxit:
739 3028 836 3094 simul
849 3028 963 3110 juncta
972 3027 1069 3092 turris
1081 3026 1133 3118 icta

132 3113 193 3176 bns
207 3132 361 3178 saxorum
374 3114 486 3178 cessit:
508 3114 574 3197 qni
590 3114 759 3198 septimani
773 3113 854 3180 dum
867 3115 1015 3179 nituntur
1030 3126 1132 3183 cuneda

132 3198 288 3263 tertianus
298 3199 465 3265 securibus
479 3197 658 3285 gladiisque
669 3211 794 3283 portam
802 3199 963 3286 perfregit.
1008 3195 1132 3264 Primum

29 3301 30 3306 ¹
132 3280 286 3366 irrupisse
302 3284 338 3348 Ο.
355 3284 537 3366 Volusium,
551 3288 651 3349 tertia
669 3284 806 3370 legionis
827 3284 972 3364 militem,
988 3284 1133 3374 intercur

131 3387 190 3433 nes
211 3378 358 3432 auctores
381 3379 526 3435 constat:
549 3370 634 3444 isin
654 3373 780 3436 vallum
801 3368 1131 3456 egressus,detnrba11⁸

29 3489 31 3542 g
131 3452 190 3537 qui
211 3452 400 3535 restiterant,
422 3456 618 3553 conspicuus
640 3475 740 3520 manu
765 3475 803 3522 ao
818 3477 897 3522 voce
912 3464 1020 3541 ‘capta
1039 3445 1131 3517 casne’

29 3557 31 3618 3
132 3538 356 3604 conclamavit.
411 3540 527 3620 Oeten,
552 3540 684 3625 trepidis
703 3542 774 3624 jam
798 3542 988 3624 Vitellianis,
1015 3550 1130 3623 seques

29 3637 31 3646 ’
132 3624 221 3688 vallo
235 3623 517 3707 precipitantibus,
538 3626 728 3711 perrupere:
751 3630 931 3713 completur
944 3627 1040 3709 caede,
1052 3636 1131 3709 quat·

29 3719 32 3792 ;
134 3717 206 3777 tum
219 3708 302 3776 inter
316 3720 422 3777 castra
434 3730 609 3798 murosque
623 3714 719 3779 vacui
733 3711 805 3784 suit.
