2392 4050
136 192 200 259 178
479 193 516 257 0.
532 192 643 258 coru.
659 190 797 258 Trerus
952 191 1004 280 [d
1017 188 1056 255 U.
1068 187 1127 254 82&

132 375 186 431 nts
207 363 410 431 abscesserit'
454 362 593 433 Diremit
617 363 829 430 consiliorum
849 362 1070 445 diversitatem,
1088 381 1130 447 ap

132 451 266 537 probati
299 448 434 519 Tutoris
460 449 629 532 meantia,
659 449 842 515 Classicus:
878 452 1047 535 statimque
1073 469 1131 537 exe

157 548 289 603 uantur.

50 676 55 685 ,
134 557 345 690 qLXXVII.
388 621 498 688 Media
525 621 611 686 acies
640 620 734 686 Ubiis
762 619 1031 707 Lingonibusque
1057 619 1132 684 data:

133 705 247 773 dextro
256 724 358 774 cornu
367 708 513 774 cohortes
522 708 738 773 Batavorum:
753 706 881 771 sinistro
891 707 1037 772 Bructeri
1047 706 1133 770 Teuc·

133 792 266 877 terique.
311 794 389 859 Pars
410 792 585 872 montibus,
609 792 673 873 alii,
695 793 784 857 niam
809 790 894 857 iuter
919 792 1133 874 Mosellamque

133 877 266 961 dunno,
281 889 348 944 taur
361 878 527 962 improvisi
542 876 706 959 resiluere,
715 888 753 942 ut
767 879 802 942 iu
816 877 969 943 cubiculo
982 898 1022 944 ac
1036 876 1133 942 lectulo

136 963 271 1029 Cerialis
293 962 513 1052 (nequeenim
534 974 664 1028 noctem
683 965 718 1027 in
741 963 852 1027 castris
874 964 997 1050 egerat)
1015 958 1133 1049 pugnari

134 1048 233 1115 simul
247 1051 399 1134 vincique
413 1068 489 1114 suos
503 1047 649 1127 audierit,
660 1048 831 1132 increpans
843 1067 997 1132 pavorem
1006 1048 1135 1113 nuntiare

134 1133 225 1216 tium,
246 1135 350 1203 donec
363 1136 517 1200 universa
530 1133 640 1200 clades
654 1134 689 1198 in
704 1134 809 1198 oculis
823 1133 894 1199 fuit.
939 1135 1092 1219 Perrupta
1102 1133 1134 1197 le

134 1219 272 1305 gionum
293 1232 404 1300 castra,
426 1219 654 1304 Iusiequites:
676 1218 802 1303 meditus
823 1219 969 1284 Mosellae
994 1215 1134 1304 pomsqui

135 1305 289 1373 ulteriora
299 1306 432 1373 colonie
445 1306 595 1388 annectit,
606 1306 646 1370 ab
655 1306 801 1370 hostibus
812 1304 966 1369 insessos.
1010 1304 1134 1381 Cerialis

135 1390 272 1456 turbidis
285 1393 380 1457 rebus
393 1390 572 1474 Intrepidus
585 1404 618 1456 et
631 1390 791 1477 fugientes
805 1406 904 1454 manu
920 1389 1092 1469 retrahens,
1100 1388 1135 1451 in·

134 1485 218 1540 tecto
233 1496 366 1562 corpore
380 1487 524 1560 promtus
539 1477 622 1543 inter
633 1478 706 1556 telo,
717 1475 803 1541 felici
817 1476 994 1540 temeritate
1008 1485 1039 1539 et
1053 1473 1136 1539 tortis

135 1561 210 1626 simi
224 1563 382 1647 cujusque
395 1581 544 1642 accursu,
558 1563 772 1646 reciperatum
787 1571 919 1645 pontem
937 1560 1039 1625 electi
1055 1575 1135 1624 manu

136 1646 286 1714 firmavit.
325 1649 405 1714 Mox
416 1647 449 1712 in
462 1659 567 1712 castra
576 1666 731 1730 reversus,
742 1648 885 1731 palantes
894 1657 1061 1730 captarum
1069 1640 1136 1728 apud

137 1732 318 1800 Noveslum
346 1735 558 1817 Bonnamque
582 1732 751 1819 legionum
775 1731 959 1815 manipulos
986 1744 1019 1797 et
1047 1746 1135 1798 rarum

136 1819 224 1901 apud
238 1822 333 1908 signa
345 1819 481 1887 militem
495 1840 533 1883 ec
554 1819 654 1903 prope
669 1817 907 1883 circumventas
918 1818 1043 1900 aquilas
1055 1815 1133 1883 videt

136 1904 295 1972 Incensus
317 1906 466 1986 lrd‘non
486 1906 665 1986 Flaccum,'
678 1902 794 1987 iuquit,
816 1910 901 1968 ‘non
923 1904 1081 1969 Voculam
1094 1899 1134 1964 tle

136 1991 250 2058 seritis.
294 1992 397 2059 Nulla
423 1991 476 2057 hio
500 1990 653 2077 proditio:
676 2008 782 2072 neque
812 1988 902 2054 aliud
930 1986 1134 2055 excusandus

137 2077 248 2158 habeo,
263 2078 361 2161 quIm
373 2076 460 2161 qubd
473 2096 542 2158 vos,
558 2076 679 2142 Gallici
701 2074 830 2140 foederis
847 2075 973 2152 oblitos,
988 2071 1134 2142 redissem

137 2163 328 2228 memorium
350 2161 490 2228 Romani
504 2161 707 2242 sacramenti,
727 2161 847 2225 temore
867 2159 1000 2226 credidi.
1042 2163 1134 2227 Anau-

137 2248 284 2313 morabor
299 2248 457 2313 Numisiis
477 2260 509 2313 et
528 2247 721 2315 Herenniis:
743 2260 782 2311 ut
795 2266 908 2312 omnes
923 2239 1132 2335 Legatinmtri,

137 2344 195 2398 aut
208 2329 349 2398 militum
363 2334 520 2418 manibus,
535 2343 593 2398 aut
611 2332 764 2412 hostium,
778 2331 963 2397 ceciderint.
995 2334 1133 2412 ‘Itanon

136 2420 215 2485 tiata
229 2419 433 2505 Vespasiano,
448 2422 509 2501 vel,
520 2419 609 2504 quod
623 2420 752 2504 propius
764 2418 825 2500 est,
845 2417 944 2483 Civili
960 2428 993 2484 et
1004 2415 1132 2490 Classico,

138 2506 322 2572 relictuma
342 2505 434 2570 robis
456 2507 492 2571 iu
514 2506 582 2569 acie
606 2505 751 2569 Ducem:
773 2504 905 2568 venient
919 2504 1069 2591 legiones,
1080 2515 1133 2584 quc

136 2607 245 2675 neque
260 2611 311 2655 me
326 2591 478 2673 inultum,
493 2610 598 2675 neque
612 2609 671 2655 vos
685 2589 862 2674 impunitos
875 2590 1057 2686 patiantur!

182 2676 372 2744 LXXVIII.
395 2676 479 2741 Vera
510 2687 610 2758 erant,
633 2687 665 2740 et
696 2695 717 2739 a
745 2674 904 2740 Tribunis
930 2672 1134 2754 Praeiectisqut

137 2760 251 2827 eedem
264 2762 502 2847 ingerebantur.
545 2761 737 2827 Consistuut
757 2779 814 2845 per
835 2760 985 2825 cohortes
1005 2770 1037 2825 et
1056 2751 1134 2823 mat't

140 2849 252 2947 pulos:
274 2867 381 2931 neque
395 2846 485 2911 enim
495 2855 619 2931 poterat
628 2857 788 2931 patescere
797 2845 893 2928 acIes,
903 2846 1007 2912 effuso
1017 2847 1133 2923 hosted

139 2932 388 3020 impedientibus
412 2932 557 3004 tentoriis
582 2932 790 3016 sarcinisque,
819 2932 894 2996 ciam
921 2933 1008 2996 Intra
1032 2930 1133 2995 vsttuu

139 3031 348 3169 pugnaretur.
392 3017 499 3085 'Potor
518 3031 550 3085 et
564 3018 729 3083 Classicus
743 3028 775 3082 et
789 3016 915 3102 Civilis,
935 3018 1006 3084 suis
1022 3015 1132 3100 quisqu

153 3126 229 3186 ocrs,
251 3125 397 3194 pugnam
421 3105 567 3170 ciebant:
589 3105 705 3169 Gallos
731 3110 808 3190 ‘pro
832 3103 995 3183 libertate,’
1020 3104 1131 3167 Boura

141 3195 216 3273 ‘pro
244 3192 367 3278 glorid,’
394 3191 575 3256 Germanos
603 3188 663 3254 ‘ad
690 3188 841 3278 predam’
856 3188 1066 3275 'instigantes
1099 3179 1130 3245 Et

139 3284 261 3340 cuncta
280 3297 338 3361 pro
357 3277 502 3342 hostibus
528 3284 635 3341 erant:
657 3273 761 3340 donec
787 3273 872 3360 legio
893 3270 1127 3342 commeatus

140 3360 325 3444 patentiore,
339 3363 438 3444 quam
457 3372 579 3440 estare,
593 3361 696 3446 spatio
717 3361 918 3446 conglobata,
933 3357 1079 3424 sustinuit
1094 3370 1128 3418 ru·

139 3453 250 3527 entes,
272 3465 349 3510 mox
364 3445 502 3528 impulit.
539 3447 616 3511 -Nec
637 3446 708 3510 sine
732 3465 792 3529 ope
813 3446 947 3527 Divisi,
961 3444 1082 3511 mutatis
1096 3453 1128 3501 tr

139 3528 236 3611 pente
265 3528 390 3607 animis,
416 3541 506 3614 terga
533 3529 673 3594 victores
702 3530 837 3610 vertite.
881 3532 958 3615 Ipsi,
978 3530 1088 3596 territos
1104 3537 1126 3582 π

141 3611 325 3676 cohortium
339 3622 478 3696 aspectu,
500 3612 651 3695 ferebant,
665 3633 737 3697 quae
751 3615 856 3698 primo
871 3617 995 3701 impetu
1008 3612 1124 3698 disjecto,

141 3695 278 3760 summis
298 3711 409 3762 rursus
427 3696 517 3785 jugis
537 3701 827 3788 congregabuntur,
853 3720 893 3767 ac
917 3701 1054 3790 speciem
1071 3705 1124 3761 ποῦ
