2392 4050
118 150 182 214 162
460 148 497 214 Ο.
513 150 624 215 Coum.
640 147 778 217 'reem
946 149 993 241 [A.
1006 150 1042 218 U.
1054 150 1120 217 823.

118 342 198 388 voce
212 324 288 387 tata
301 320 412 387 Pisoni
435 323 554 402 omina,
576 333 733 406 tanquam
754 322 910 406 Principi,
930 326 1118 406 continuare;

118 409 230 473 obvios
240 417 272 472 et
286 408 398 472 muita
413 408 459 472 rei
474 409 633 474 miraculo
647 409 805 487 attonitos,
820 419 859 471 ut
877 410 989 473 eadem
1002 423 1120 493 estrepa-

118 505 199 575 rent,
220 494 354 558 hortari:
376 494 498 580 vulgus
520 494 701 574 credulum,
724 514 818 559 ruere
839 493 874 558 in
896 496 1018 560 forum:
1040 503 1121 579 ‘pra

118 582 256 645 seutiam
267 579 401 644 Pisonis'
409 599 590 663 exposcere
614 580 744 644 Gaudio
755 580 1122 662 clamoribusquecuncta
1161 643 1162 666 ,

119 665 305 745 miscebant,
328 664 531 751 indiligentia
545 664 615 728 veri
634 677 666 730 et
690 664 845 729 adulandi
866 665 1010 731 libidine.
1052 668 1123 744 Piso,
1161 695 1162 698 ¹

119 751 240 818 indicio
261 751 408 837 Sagittae,
435 750 488 816 vel
513 750 612 816 insiti:
637 750 802 830 amastis,
825 770 892 816 nom
914 752 951 815 in
972 752 1125 835 publicum

119 855 266 924 egressus
280 847 338 917 est,
359 854 465 919 neque
486 853 522 900 se
535 835 651 900 studiis
665 836 759 921 vulgi
778 837 931 918 permisit
974 836 1126 901 Centurio
1161 861 1162 902 i

118 941 258 1006 nemque
277 931 513 1005 percunctatus,
535 934 714 1006 postquam,
735 923 922 1003 ‘quaesitum
943 922 1004 987 sibi
1020 923 1125 988 crimen
1161 979 1162 990 ,

119 1007 322 1089 οωᾶοωφιε,’
336 1006 500 1092 comperit,
526 1007 757 1071 ‘animadverti
771 1007 806 1070 in
819 1008 904 1072 errm’
926 1006 1035 1090 jussit,
1051 1005 1125 1071 haud

119 1090 251 1177 perinde
264 1111 321 1175 spe
334 1093 419 1171 vitre,
434 1092 532 1175 quim
547 1092 595 1156 iri
605 1093 642 1157 in
656 1111 885 1176 percussorem,
900 1092 988 1177 quod
1003 1093 1126 1158 idemex
1160 1135 1162 1158 r

120 1176 374 1244 interfectoribus
400 1177 507 1242 Clodii
532 1177 647 1258 Macri,
669 1187 820 1243 curantes
845 1178 892 1243 Le
934 1179 959 1243 ti
980 1179 1125 1263 sanguine

119 1281 236 1328 manus
250 1262 293 1327 ad
306 1263 427 1329 aedem
450 1262 659 1328 Proconsulis
682 1262 852 1330 retulisset.
925 1264 1006 1328 nxio
1025 1262 1126 1327 deinde
1161 1319 1162 1343 ,

119 1347 225 1413 edicto
239 1347 560 1434 Carthaginiensibus
574 1348 749 1432 increpitis,
762 1367 805 1413 ue
819 1349 915 1413 solita
927 1349 1060 1433 quidem
1070 1367 1128 1414 mu·

119 1435 176 1498 nie
189 1437 374 1518 usurpabat,
394 1435 526 1500 clausus
540 1435 626 1499 iutra
645 1435 787 1520 domum,
803 1453 925 1518 nequa
944 1435 1049 1500 motta
1062 1431 1126 1499 nori

119 1537 220 1585 carisa
233 1522 284 1584 vel
298 1517 378 1585 forte
393 1518 538 1592 oriretur.

163 1605 201 1670 L.
223 1605 298 1685 Sed,
313 1605 370 1671 ubi
385 1604 484 1670 Festo
499 1605 712 1670 consternatio
727 1604 829 1690 vulgi,
849 1605 1055 1670 Centurionis
1067 1622 1128 1687 sup

120 1691 263 1776 plieium,
277 1710 418 1774 veraque
432 1700 464 1754 et
478 1689 567 1771 falsa,
579 1711 668 1756 more
678 1690 782 1768 mma,
795 1691 830 1771 iu
843 1689 949 1772 majus
961 1690 1125 1768 innotuere,

119 1778 243 1861 equites
257 1777 292 1842 in
307 1796 420 1842 necem
434 1775 562 1841 Pisonis
576 1777 682 1841 mittit.
725 1775 779 1839 llli
793 1775 911 1858 raptim
921 1777 1014 1855 vecti,
1029 1778 1126 1840 obscu-

121 1883 157 1927 ro
171 1862 280 1929 adhuc
301 1874 411 1947 coeptae
434 1862 527 1943 lucis,
552 1861 688 1926 domum
714 1861 921 1925 Proconsulis
946 1861 1124 1945 irrumpunt,

121 1948 279 2015 destrictis
301 1948 436 2037 gladiis:
458 1956 489 2013 et
515 1967 635 2035 inagna
661 1967 735 2032 pars
763 1945 901 2012 Pisonis
914 1947 1028 2033 ignari,
1052 1944 1125 2030 quod
1160 1971 1161 1998 l

121 2036 239 2101 Poenos
261 2036 434 2100 auxiliares
458 2034 652 2116 Maurosque
666 2033 699 2098 in
723 2053 796 2097 earn
819 2031 939 2099 caedem
963 2033 1125 2115 delegerat:
1160 2030 1161 2047 ²

121 2121 210 2185 baud
230 2121 353 2204 procul,
375 2119 534 2198 cubiculo,
550 2121 682 2184 obvium
704 2119 782 2203 sorte
797 2137 937 2198 serrum
964 2118 1124 2201 ‘quisnam

120 2215 153 2271 et
166 2206 222 2270 ubi
237 2217 318 2270 esset
334 2205 409 2270 Piso
420 2204 445 2268 l’
466 2204 714 2290 interrogavere
757 2205 888 2283 Servus,
910 2223 967 2290 egr
1009 2205 1040 2268 io
1053 2221 1125 2267 men·

121 2289 224 2372 dacio,
249 2299 300 2356 ‘se
322 2291 474 2356 Pisonem
487 2291 574 2372 esse,’
595 2290 775 2372 respondit:
798 2308 836 2353 ac
850 2291 992 2354 stetimo
1014 2302 1124 2353 munet·

122 2387 193 2442 tur:
215 2397 276 2441 nec
289 2376 393 2441 multo
411 2377 481 2460 pbst
506 2377 581 2440 Piso
605 2374 805 2439 interficitur.
849 2374 1001 2456 Namque
1024 2373 1123 2450 aderat

122 2462 178 2545 qui
193 2470 347 2541 nossem,
363 2462 480 2527 Rebius
494 2462 613 2540 Massa,
627 2460 921 2525 eProcuratoribus
932 2460 1058 2540 Africa,
1069 2458 1124 2539 jam

121 2558 200 2612 tuno
214 2547 333 2631 optimo
348 2548 464 2631 cuique
478 2547 643 2625 exitiosus,
660 2555 693 2608 at
706 2546 741 2611 in
756 2565 869 2610 causas
882 2546 1052 2624 maturum,
1065 2561 1126 2635 quq

122 2651 198 2696 mox
213 2633 356 2712 tulimus,
378 2630 493 2715 saepiirs
522 2631 688 2696 rediturus.
732 2632 848 2695 Festus
871 2630 1056 2709 Adrumeto,
1080 2628 1124 2691 ubi

122 2717 382 2801 speculabundus
397 2718 586 2796 substiterat,
612 2717 654 2780 nd
677 2716 839 2801 legionem
861 2715 1036 2795 contendit,
1056 2715 1125 2779 Prs-

124 2803 305 2887 sectnmque
319 2812 505 2884 castrorum,
529 2802 720 2867 Oetronium
740 2801 897 2867 Pisanum
907 2801 1028 2865 vinciri
1038 2798 1124 2880 jussit,

122 2891 265 2973 proprias
279 2890 319 2953 ob
333 2889 530 2954 simultates:
552 2887 608 2951 sed
636 2887 780 2952 ‘Pisonis
801 2885 981 2951 satellitem’
999 2886 1121 2955 vocum

122 2976 302 3059 militesque
315 2985 346 3040 et
361 2973 572 3043 Centuriones
594 2973 752 3057 quosdam
774 2972 886 3056 puniit,
901 2972 983 3036 alios
1004 2967 1121 3056 praemiis

121 3060 246 3127 affecit:
263 3070 420 3127 ,neutrum
442 3082 484 3126 ex
507 3059 629 3142 merito,
658 3058 715 3124 sed
740 3069 777 3122 ut
801 3057 996 3141 oppressisse
1018 3055 1121 3120 bellum

123 3147 313 3217 crederetut.
356 3147 434 3213 Mox
450 3145 632 3227 OEensium,
647 3145 953 3228 Leptitanorumque
965 3138 1120 3206 discordias

124 3232 391 3315 componitque,
406 3242 497 3317 raptu
518 3231 652 3315 frugum
664 3241 695 3294 et
714 3248 868 3313 pecorum
893 3228 978 3293 inter
993 3236 1119 3314 agrestes,

125 3315 260 3379 modieis
274 3317 447 3400 principiis,
469 3317 537 3398 jam
550 3336 607 3400 per
622 3335 713 3379 artua
734 3325 829 3397 atque
852 3313 937 3378 acies
952 3311 1119 3378 exercebam

124 3412 186 3463 tur.
231 3399 316 3463 Nam
330 3403 468 3483 populus
493 3401 633 3480 OEensis,
655 3399 862 3465 multitudine
886 3397 1028 3478 inferior,
1042 3398 1119 3459 Gne

125 3492 250 3546 mantas
263 3484 434 3561 exciverat,
448 3496 577 3567 gentem
591 3486 782 3549 indomitam
795 3495 827 3549 et
848 3486 931 3550 inter
950 3485 1072 3550 accolas
1087 3480 1118 3543 lt·

122 3566 267 3630 trociniis
280 3566 473 3631 foecundam.
517 3569 612 3633 Unde
627 3581 722 3634 arcta
745 3569 925 3653 Leptitauis
940 3591 999 3649 ras,
1015 3569 1116 3648 latium

121 3652 252 3715 vastatis
266 3650 351 3737 agris
365 3652 451 3715 intra
462 3653 581 3718 maenia
594 3655 808 3737 trepidabant:
830 3654 946 3738 donec,
961 3657 1115 3722 interventu
