2392 4050
54 203 92 269 A.
106 203 141 270 C.
156 203 219 295 et]
335 201 774 269 H1sroa.Lrs.‘l'sar1us.
1022 202 1066 267 99

56 375 118 458 bus,
130 376 301 442 Patavium
310 375 478 440 concessit.
524 374 679 463 Digressu
690 372 920 438 Consularium
931 372 990 437 nni
1001 374 1068 439 An·

56 463 135 526 tonio
150 462 200 529 vis
215 482 254 526 ac
267 471 408 546 potestas
420 462 453 525 in
465 471 639 545 utrumque
653 461 833 524 exercitum
846 457 917 541 suit,
932 458 1070 524 cedenti

56 547 107 611 bns
119 549 264 634 collegis,
277 558 310 611 et
320 547 464 612 obversis
474 547 616 612 militum
630 545 764 610 studiis:
788 563 848 609 nec
861 545 1002 625 deerant,
1012 546 1070 629 qui

55 633 222 713 eraderent,
244 644 415 716 utramque
428 632 619 697 seditionem
638 631 751 695 fraude
765 632 900 696 Antonii
921 643 1070 715 coeptam,

55 730 88 782 ut
100 721 190 784 solus
203 719 289 784 bello
303 716 472 782 frueretur.

92 805 165 871 XII.
189 805 240 870 Ne
264 804 298 868 in
325 802 446 869 Vitellii
472 802 603 886 quidem
629 801 772 885 partibus
796 801 911 884 quieta
938 811 1071 884 mentes,

53 889 231 954 exitiosiore
245 889 413 969 discordiis,
425 907 491 953 non
506 888 745 971 suspicionibus
755 888 858 973 vulgi,
869 885 926 951 md
937 886 1072 971 perfidii

26 1012 28 1017 ·
55 973 193 1054 Ducum,
207 975 428 1040 turbabantur.
463 973 621 1039 -Lucilius
635 974 764 1053 Bassus,
775 973 887 1038 classis
900 972 1071 1038 Ravenna·

52 1060 89 1121 tis
108 1060 296 1139 Proefectns,
318 1059 488 1146 ambiguos
513 1059 656 1124 militurn
681 1059 815 1139 ammos,
839 1058 927 1155 quod
952 1077 1074 1147 magns.

53 1163 118 1228 pars
133 1148 296 1212 Dalmata
311 1145 536 1230 Pannoniique
561 1155 663 1224 erant,
677 1163 752 1227 quae
765 1146 941 1228 provincias
955 1145 1074 1229 Vespa·

53 1229 136 1296 dano
150 1232 352 1311 tenebantur,
366 1230 510 1316 partibus
531 1227 603 1312 ejus
623 1241 861 1316 aggregaverat
904 1231 980 1296 Nox
1001 1249 1073 1313 pro·

52 1313 160 1382 ditioni
182 1318 294 1397 electa,
308 1326 355 1397 ut,
371 1315 484 1381 ceteris
508 1314 639 1402 ignaris,
654 1315 715 1380 soli
737 1316 772 1380 in
798 1314 1075 1400 principisdeieo·

53 1411 130 1466 toras
143 1400 278 1468 coirent
321 1402 442 1467 Bassm
456 1402 589 1487 pudore,
603 1421 662 1466 seu
683 1411 782 1483 metu,
817 1400 946 1468 uisnam
966 1401 1074 1466 exitus

53 1484 135 1567 soret,
150 1489 238 1553 intra
251 1487 387 1552 domum
406 1487 639 1573 opperiebatur.
683 1486 870 1552 Trierarcbi
890 1506 1011 1571 magno
1024 1497 1075 1551 tu·

54 1575 153 1640 multu
169 1572 292 1638 Vitellii
306 1572 464 1659 imagines
486 1573 655 1652 invadunt,
669 1582 710 1651 et,
726 1572 837 1656 paucis
858 1573 1076 1639 resistentium

53 1659 257 1739 obtruncatio,
279 1667 424 1723 ceterum
445 1661 575 1746 vulgus,
590 1677 700 1723 rerum
725 1677 884 1724 novarum
908 1657 1025 1738 studio,
1039 1659 1075 1723 in

53 1742 285 1828 Vespasianum
298 1744 486 1809 inclinabat
530 1744 622 1808 Tum
637 1763 824 1829 progressus
838 1743 988 1808 Lucilius
1000 1763 1076 1809 auo·

55 1838 149 1896 torem
163 1849 200 1895 se
213 1830 319 1913 pdbm
333 1829 473 1914 praebet:
494 1829 607 1894 classis
622 1828 811 1893 Cornelium
825 1829 972 1896 Fuscum
993 1829 1077 1896 Pre-

54 1912 171 1981 Isctum
193 1915 255 1979 sibi
269 1915 416 1994 destinat,
431 1913 488 1999 qui
502 1921 635 1998 propere
650 1913 842 1979 accucurrit.
886 1914 1006 1978 Bassus
1020 1914 1095 1991 ho,

55 2001 161 2068 norati
175 2000 323 2066 custodia
338 2000 522 2066 liburnicis
537 1999 677 2066 navibus
691 1998 849 2066 Hadriam
864 2009 1041 2083 pervectus,
1056 2019 1079 2067 a

55 2085 206 2152 Praefecto
227 2088 289 2152 alae
312 2087 447 2152 Marinio
470 2083 600 2170 Rufino,
624 2084 810 2169 praesidium
835 2086 904 2152 illic
970 2087 1076 2170 ‘muta

56 2173 202 2239 vincitur.
244 2173 311 2239 Sed
324 2173 474 2238 exsoluta
483 2170 938 2252 statimvmcrrlainterventu
984 2173 1076 2256 ormi,

58 2258 188 2324 (luseris
203 2259 330 2324 liberti:
352 2259 381 2322 is
393 2276 523 2342 quoque
537 2256 623 2321 inter
637 2258 749 2322 Duces
762 2258 947 2324 habebatur.

96 2344 187 2411 XIII.
211 2346 255 2410 A:
280 2343 421 2423 cecina
436 2342 616 2407 defectione
639 2342 751 2408 classis
769 2344 911 2432 vulgati,
926 2345 1080 2428 primores

57 2428 290 2495 Centurionum
306 2440 339 2493 ct
351 2448 474 2514 paucos
488 2427 639 2507 militum,
654 2428 768 2492 ceteris
782 2448 839 2512 per
860 2430 985 2495 militiae
1008 2428 1109 2512 must,

56 2532 129 2578 nara
141 2515 304 2601 dispersis,
319 2514 489 2579 secretiora
503 2524 681 2579 castrorum
695 2513 857 2597 affectans,
872 2515 906 2581 in
921 2514 1079 2614 principis

57 2611 156 2666 vocat.
200 2601 250 2667 Ibi
269 2598 476 2684 ‘Vespasiani
501 2599 656 2664 virtutem
679 2600 827 2684 viresque
853 2601 1001 2686 partium’
1023 2619 1078 2665 ex·

57 2687 152 2753 tollit:
176 2685 405 2773 ‘transfugisse
430 2686 583 2750 classem:
609 2684 644 2748 in
660 2696 747 2750 arcto
762 2698 996 2752 commeatum:
1024 2683 1079 2752 ad·

58 2790 161 2836 versas
184 2773 311 2839 Gallias
335 2769 593 2869 Hispaniasque:
615 2770 698 2835 nihil
722 2771 757 2836 in
779 2774 860 2838 urba
881 2772 1012 2838 fidum?
1034 2781 1080 2837 at·

59 2874 118 2937 que
128 2858 239 2924 omnia
248 2858 289 2921 da
300 2857 430 2922 Vitellio
441 2855 477 2919 in
488 2855 639 2921 deterius.
682 2857 763 2922 Mox
774 2857 1011 2943 incipientibus,
1022 2856 1080 2940 qui

58 2944 174 3008 conscii
198 2944 341 3025 aderant,
355 2953 485 3022 ceteros,
501 2961 535 3006 re
557 2941 644 3005 nova
667 2943 827 3024 attonitos,
842 2944 876 3008 in
891 2946 990 3008 verba
1003 2944 1080 3008 Ves-

60 3028 177 3107 pasiani
192 3029 313 3116 adigit:
334 3028 433 3093 simul
449 3026 573 3093 Vitellii
587 3026 746 3115 imagines
760 3030 909 3113 dereptae,
924 3041 957 3094 et
977 3026 1078 3111 missi,

61 3111 112 3193 qui
128 3115 268 3180 Anmnio
286 3114 486 3180 nuntiarent.
530 3111 605 3192 Sed,
621 3114 677 3178 ubi
701 3114 774 3177 totis
800 3114 911 3180 castris
933 3113 968 3177 in
993 3113 1080 3181 fami

62 3198 199 3282 proditio,
213 3217 383 3265 recurrens
407 3199 442 3265 in
465 3198 625 3283 principia
647 3193 748 3279 milas,
762 3200 989 3285 prescriptum
1003 3200 1080 3266 Vas·

63 3284 177 3363 pasiaoi
203 3305 331 3367 nomen,
346 3287 501 3370 projectas
518 3284 637 3351 Vitellii
659 3284 781 3372 effigies
804 3285 938 3370 aspexit,
952 3299 1082 3360 vastum

63 3369 157 3450 primo
170 3370 346 3450 silentinm,
359 3392 438 3436 mox
454 3380 574 3435 cuncta
587 3372 684 3437 simul
700 3383 897 3455 erumpunt:
920 3372 1015 3437 ‘Huc
1030 3392 1081 3438 cc·

65 3453 170 3521 cidisse
193 3456 379 3524 Germanici
404 3456 564 3522 exercitiis
578 3458 725 3544 gloriam,
739 3468 777 3522 ut
791 3458 862 3523 sine
876 3459 994 3544 pretio,
1009 3459 1081 3524 sino

67 3540 200 3624 uulnere,
221 3544 348 3608 vinctas
369 3562 487 3607 mansas
507 3553 540 3607 et
560 3558 654 3628 capta
674 3542 835 3608 traderent
849 3546 961 3609 armai
984 3544 1080 3629 (quas

68 3624 147 3691 enim
159 3648 199 3692 ex
213 3628 342 3693 diverso
357 3628 526 3715 legIonesl
570 3629 695 3710 Nempe
705 3629 824 3708 victas:
847 3637 879 3690 ct
890 3628 998 3689 abesse
1009 3628 1081 3689 uni·

69 3726 136 3778 cum
148 3713 326 3781 Othoniani
338 3713 498 3779 exercitiis
516 3714 623 3793 robur,
645 3713 810 3795 primanos
830 3708 1082 3793 quartadecima·

1096 3953 1173 4009 A
