2392 4050
461 208 658 279 Aoarconr.
1001 196 1071 278 25}
1170 166 1171 203 i

25 395 181 468 magnos
194 376 282 445 siros
305 396 363 461 per
384 380 592 445 ambitionem
607 379 764 445 mamare
778 397 849 445 mos
862 389 920 461 est,
933 380 1005 447 riso
1019 402 1068 451 as·

27 477 200 550 pectoque
224 464 388 552 Agriccli,
410 475 590 547 quaererent
615 464 861 548 famam‚pauci
883 466 1068 549 interpreta·
1173 530 1174 563 Ξ

25 561 174 700 miiliii.
198 630 318 697 Crebri>
339 651 396 716 per
420 651 475 696 cos
496 631 566 696 dies
589 631 678 716 apud
703 631 930 698 Domitianum
950 634 1067 701 absens

25 729 223 796 accusatus,
238 717 353 781 absens
368 717 533 782 absolutus
551 729 608 782 est.
652 718 761 782 Causa
773 712 910 801 periculi
925 739 991 784 uon
1007 722 1068 785 cri·

1168 48 1170 111 1

1170 390 1173 459 l

1174 736 1176 793 ἰ

23 821 116 866 men
139 803 256 880 ullum,
279 811 337 865 aut
355 802 494 883 ¹querela
516 802 586 866 loesi
603 800 815 885 cujusquam,
838 802 896 868 sed
917 804 1066 870 infensus
1176 856 1177 871 ,

23 886 215 950 virtutibus
238 885 402 967 Princeps,
416 895 449 947 et
461 885 567 971 gloria
580 886 653 964 riri,
676 907 714 951 ac
729 889 905 970 pessimum
919 888 1065 954 inimico

23 989 114 1034 rum
127 988 243 1054 genus,
264 968 443 1034 laudantes.
489 969 534 1033 Et
554 990 594 1034 ea
614 971 761 1036 insecuta
774 982 851 1037 sunt
864 971 1064 1058 Reipublicae

24 1065 193 1150 tempora,
208 1073 280 1136 quae
295 1054 383 1119 sileri
397 1052 586 1139 Agricolam
605 1072 673 1118 non
694 1055 853 1121 sinerent:
874 1066 922 1122 tot
942 1060 1064 1123 exerci-

22 1148 89 1203 tus
105 1157 142 1205 m
157 1132 273 1203 Mesia
288 1137 465 1221 Daciique,
480 1148 512 1203 st
526 1138 703 1202 Germanii
713 1139 955 1237 Pannoniique,
966 1152 1063 1206 teme·

23 1222 131 1285 ritate
147 1233 204 1285 aut
217 1241 272 1305 per
287 1222 453 1318 ignaviam
467 1222 602 1286 Ducum
615 1220 745 1286 amissi:
767 1233 815 1286 tot
831 1226 985 1288 militares
999 1226 1062 1290 viri

23 1326 114 1370 cum
129 1316 177 1369 tot
190 1307 376 1371 cohcrnbus
390 1305 567 1391 expugnati
581 1317 613 1370 et
627 1306 731 1389 capti:
753 1324 814 1372 nec
824 1306 894 1389 jam
907 1307 949 1372 de
960 1307 1063 1374 limite

21 1390 169 1471 Imperii
182 1402 214 1454 et
234 1390 314 1472 ripis,
326 1389 385 1453 >sed
399 1391 439 1454 de
454 1390 608 1473 hybernis
631 1391 799 1488 legionum
814 1402 846 1457 et
859 1393 1061 1476 pomessione

22 1475 228 1541 dubitatum.
271 1475 329 1555 Ita,
344 1474 419 1541 ciam
431 1473 550 1539 damna
571 1475 699 1540 damnis
723 1476 999 1559 continuarentur,
1015 1488 1061 1541 at-

20 1578 98 1642 que
112 1558 221 1623 omnis
235 1577 342 1622 annus
356 1558 524 1623 funeribus
538 1568 571 1621 et
591 1558 739 1623 cladibus
755 1560 974 1646 insigniretur,
989 1581 1061 1646 posa

21 1644 166 1706 eebatur
180 1662 235 1707 ore
251 1643 343 1725 vulgi
362 1642 442 1709 Dux
456 1643 628 1728 Agricola:
649 1643 910 1724 comparantibus
932 1647 1060 1710 cunctis

22 1727 194 1811 vigorem,
213 1727 428 1791 constantiam
447 1736 482 1789 et
494 1735 665 1809 expertum
689 1726 783 1789 bellis
805 1726 960 1807 animum,
983 1746 1061 1795 cnm

22 1809 150 1874 inertiia
162 1821 194 1874 et
208 1809 377 1874 formidine
391 1821 579 1876 ceterorum.
624 1806 757 1879 Quibus
767 1811 970 1875 sermonibus
983 1813 1060 1877 satis

22 1903 160 1959 constat
174 1894 354 1958 Domitiani
368 1912 497 1978 quoque
511 1913 606 1958 aures
622 1895 809 1975 verberatas,
822 1893 904 1957 dum
917 1895 1060 1991 optimus

22 1979 172 2062 quisque
188 1980 374 2045 libertorum
388 1996 497 2044 amore
511 1989 544 2042 et
565 1977 640 2057 lida,
661 1977 792 2061 pessimi
814 1979 1013 2065 malignitate
1026 1989 1059 2045 et

21 2065 147 2143 livore,
175 2082 322 2147 pronum
343 2062 553 2128 deterioribus
584 2062 770 2145 Principem
796 2063 1057 2130 exstimulabant.

24 2149 90 2212 Sic
112 2149 268 2233 Agricola
281 2148 379 2213 sitnm
401 2147 471 2226 suis
484 2146 669 2228 virtutibus,
692 2145 789 2212 simul
804 2146 894 2212 vitiis
907 2149 1056 2231 aliorum,

23 2233 61 2298 in
81 2231 187 2313 ipsam
201 2233 336 2317 gloriam
350 2251 494 2328 praeceps
507 2232 671 2316 agebatur.

71 2316 185 2380 XLll.
208 2315 327 2381 Aderat
344 2335 413 2396 Jam
427 2334 544 2395 annus,
557 2335 624 2398 quo
639 2315 910 2380 Proconsulatum
923 2315 1010 2381 Asiae
1024 2326 1057 2381 et

25 2399 153 2465 Asricae
171 2399 347 2480 sortiretur,
368 2410 401 2463 et
418 2400 527 2463 occiso
546 2399 661 2464 civica
680 2417 794 2482 nuper,
816 2418 878 2464 nee
893 2401 1056 2484 Agricola

23 2485 208 2550 consilium
221 2484 337 2563 deerat,
360 2502 421 2549 uec
435 2483 622 2548 Domitirum
640 2484 838 2566 exemplum.
881 2484 1057 2550 Accessere

23 2567 167 2653 quidam
180 2568 415 2665 cogitationum
429 2566 590 2651 Principis
603 2567 707 2652 periti,
729 2566 796 2651 qui,
810 2567 959 2633 iturusne
973 2578 1056 2634 esset

24 2653 61 2718 in
80 2653 293 2736 provinciam,
315 2652 401 2717 ultrb
416 2651 604 2738 Agricolam
624 2652 875 2738 interrogarent:
897 2673 936 2718 ac
950 2653 1056 2737 primi)

23 2737 190 2803 occultius
203 2737 346 2820 quietem
359 2746 393 2800 et
404 2737 508 2802 otium
523 2736 666 2817 laudare,
681 2757 758 2803 mcx
769 2756 901 2820 operam
914 2757 1009 2804 suam
1020 2739 1055 2806 in

25 2820 241 2906 approbanda
259 2821 468 2886 excusatione
486 2822 620 2885 offerre:
642 2821 804 2904 postremis
824 2841 892 2887 non
910 2821 980 2903 jam
1001 2825 1056 2888 ob-

24 2908 128 2985 seori,
144 2905 316 2972 suadentes
329 2905 427 2971 simul
443 2915 668 2986 terrentesque,
690 2907 873 2989 pertraxere
888 2905 929 2969 ad
943 2907 1057 2970 Domi

26 2993 159 3056 tianum
175 3012 183 3072 ;
206 2989 263 3072 qui
279 3001 409 3072 paratus
422 2989 632 3067 simulationi,
647 2989 682 3053 in
696 2989 914 3075 arrogantiam
927 3008 1057 3071 compo·

25 3077 121 3155 situs,
144 3084 176 3138 et
190 3073 293 3138 audiit
307 3093 417 3157 preces
435 3072 632 3152 excusantis,
653 3083 694 3150 et,
716 3074 790 3137 crim
805 3071 980 3152 annuisset,
1002 3072 1056 3159 agi

26 3162 89 3225 sibi
103 3159 225 3245 gratias
239 3177 352 3241 passus
363 3167 431 3223 cst:
454 3176 514 3221 nec
527 3156 656 3220 erubuit
670 3157 817 3221 beneficii
832 3155 965 3220 invidia
998 3158 1056 3223 Sa·

27 3245 149 3309 larium
163 3254 281 3323 tamen,
297 3240 525 3306 Proconsulari
539 3241 672 3304 solitum
683 3240 800 3322 offerri,
815 3251 846 3305 et
859 3239 1056 3323 quibusdam

27 3349 48 3400 a
66 3328 175 3411 seipso
193 3345 393 3406 concessum,
416 3326 576 3411 Agricclm
602 3344 669 3388 non
693 3324 800 3389 dedit:
821 3325 891 3389 sive
913 3323 1055 3393 offensus

27 3429 96 3477 non
112 3412 258 3496 petitum,
272 3409 343 3473 sive
354 3430 395 3473 ex
410 3408 619 3489 conscientia,
634 3428 685 3490 ne,
699 3408 787 3494 quod
799 3412 1056 3492 vetuerat,vide·

27 3508 115 3564 retur
126 3495 253 3559 emisse.
296 3494 468 3575 Proprium
478 3494 616 3559 humani
628 3494 751 3582 ingenii
762 3504 819 3575 est,
831 3495 945 3577 odisse,
956 3515 1056 3577 quem

29 3581 172 3648 laeseris:
196 3577 376 3643 Domitiani
391 3584 467 3641 verb
489 3590 605 3644 natura
624 3598 766 3661 preceps
780 3579 815 3643 in
831 3580 921 3657 iram,
943 3589 975 3639 et
988 3579 1055 3655 qub

29 3665 205 3747 obscurior,
227 3662 267 3728 eb
281 3661 530 3745 irrevocabilior,
552 3661 771 3727 moderatione
785 3670 892 3723 tamen
914 3658 1056 3740 pruden-
