2392 4050
24 227 48 291 4
378 227 415 292 O.
432 227 542 293 Oonn.
557 228 694 293 'Pacius
840 228 892 316 [A.
906 231 947 295 U.
961 231 1037 297 822.

23 399 115 486 pave
124 396 220 482 justis
234 396 363 462 indiciis
378 399 587 482 approbatum
600 411 656 480 cst,
671 421 737 466 non
760 421 829 466 asse
851 422 938 468 cnroe
958 401 1037 466 Deis

21 484 226 553 securitatem
239 496 389 564 nostram,
405 502 473 549 esse
484 486 650 551 ultionem.
796 539 799 546 .

66 568 121 636 IV.
144 570 301 650 netarum,
316 584 488 653 antequam
501 571 660 636 destinata
678 590 878 656 componam,
897 583 1040 656 repeten-

22 657 103 724 dum
116 656 253 737 videtur,
268 654 375 738 qualis
389 665 491 730 status
504 658 604 738 urhis,
624 678 698 742 quae
722 659 1039 738 meusexercituum,

21 743 96 826 quis
110 741 239 806 habitus
254 742 502 828 provinciarum,
517 742 595 826 quid
608 745 641 807 in
655 755 720 807 toto
733 753 889 808 terrarum
900 744 976 808 orbe
986 763 1040 806 va-

20 827 135 910 lidum,
149 827 229 911 quid
242 844 368 912 oegrum
381 827 496 911 suerit3
519 839 556 892 nt
577 848 642 893 non
658 829 753 894 modi)
775 849 871 893 casus
891 838 1040 893 eventus-

20 932 215 997 queremus,
235 913 293 996 qui
314 914 501 997 plerhmque
523 913 644 979 fortuiti
661 926 747 993 sunt,
761 915 818 980 sed
839 915 919 979 ratio
941 915 1039 978 etism

21 1009 386 1082 eausaequenoscantur.
431 999 524 1064 Finis
537 1000 675 1065 Neronis
685 1010 724 1065 ut
734 1002 837 1081 laetus,
849 1001 951 1084 primo
961 1020 1040 1087 gau·

20 1083 168 1151 dentium
180 1083 312 1167 impetu,
328 1084 440 1165 fuerat,
455 1086 501 1149 ita
515 1087 620 1151 varios
641 1099 749 1151 motus
763 1088 956 1165 animorum,
972 1104 1039 1149 non

20 1170 166 1237 meddin
180 1171 269 1250 urbe,
292 1170 377 1253 apud
397 1171 516 1253 Patres,
539 1183 595 1234 ant
609 1173 775 1255 populum,
797 1181 854 1235 aut
874 1173 1039 1235 urbanum

19 1255 165 1337 militem,
179 1254 236 1319 sed
249 1275 361 1319 omnes
378 1257 521 1341 legiones
536 1256 710 1341 Ducosque
725 1257 926 1322 conciverat:
949 1256 1040 1320 evul-
1143 1314 1144 1319 ,
1168 1326 1170 1329 ,

42 1352 94 1405 ato
109 1340 240 1423 Imperii
255 1361 382 1421 arcano,
404 1361 496 1425 posse
512 1342 697 1427 Principem
711 1343 798 1422 alibi,
812 1344 911 1426 quim
925 1343 1038 1406 Rornae

18 1362 99 1492 ficri.
143 1426 208 1492 Sed
224 1426 334 1492 Patres
345 1429 421 1510 laeti,
436 1429 588 1511 usurpati
597 1429 704 1494 statim
715 1429 868 1508 libertate,
881 1427 1039 1507 licentius,

17 1521 57 1578 ut
70 1532 147 1600 erga
161 1512 347 1594 Principem
361 1532 484 1578 novum
505 1524 537 1578 et
555 1517 740 1596 absentsmp
762 1514 917 1598 primores
937 1513 1040 1597 Equi·

18 1609 89 1664 tum
100 1597 239 1680 proximi
250 1598 371 1682 gaudio
383 1600 536 1683 Patrum3
559 1620 633 1683 pars
643 1601 754 1683 populi
765 1599 898 1686 integri,
907 1608 938 1662 et
952 1619 1040 1682 mag·

18 1683 71 1750 nis
92 1683 242 1749 domibus
263 1703 400 1765 annexa,
416 1685 549 1749 clientes
570 1686 738 1767 libertique
761 1685 987 1750 damnatorum
1008 1694 1052 1763 et*

17 1772 164 1849 exulum,
178 1770 213 1835 in
226 1788 320 1852 spem
329 1770 445 1834 erecti:
467 1771 556 1855 plebs
567 1770 697 1836 sordida
711 1771 742 1834 et
756 1770 842 1836 circo
857 1790 895 1833 ac
908 1769 1041 1834 theatris

17 1865 119 1937 sueta,
136 1854 239 1922 ¹simul
264 1855 427 1920 deterrimi
448 1875 626 1937 servorum,
647 1866 703 1921 aut
723 1855 789 1940 qui,
812 1853 1042 1936 adesis‘bonis,

17 1959 76 2024 per
90 1940 230 2007 dedecus
246 1941 384 2005 Neronis
400 1942 578 2022 alebantur,
593 1943 700 2006 moesti
713 1953 745 2006 et
759 1960 926 2006 rumorum
942 1939 1062 2004 avidi„-

62 2028 100 2092 V.
124 2026 220 2092 Miles
234 2028 390 2104 urbanus,
406 2029 460 2095 lon
527 2029 694 2092 Caesarum
715 2039 915 2092 sacramento
937 2024 1041 2091 imbu-

18 2122 81 2192 tus,
103 2123 133 2177 et
149 2112 190 2176 ad
203 2110 444 2175 destituendum
492 2128 624 2175 eronem
642 2123 709 2176 arte
723 2112 871 2197 magistet
885 2113 1039 2196 impulsu,

18 2198 117 2282 quim
130 2216 190 2261 suo
204 2194 345 2282 ingenio,
361 2195 537 2276 traductus,
552 2201 723 2280 postquam
737 2215 843 2280 neque
859 2197 928 2264 dari
943 2196 1041 2262 dona-

19 2283 133 2364 tiuum,
147 2280 209 2347 sub
224 2279 356 2345 nomine
368 2280 482 2344 Galbae
497 2281 702 2364 promissum,
714 2301 820 2364 neque.
834 2282 962 2369 magnis
976 2303 1041 2348 me
1102 2329 1105 2334 -

18 2368 88 2436 ritis
103 2387 142 2432 ac
156 2364 299 2449 praerniis
313 2365 454 2429 eundem
467 2367 502 2430 in
526 2386 615 2450 pace,
637 2386 735 2451 quam
754 2367 788 2432 in
812 2369 907 2448 bello,
923 2368 1041 2450 locum,

17 2463 281 2540 praeventamque
303 2452 442 2538 gratiam
466 2453 617 2540 intelligit
640 2453 727 2537 apud
750 2453 934 2536 Principem
955 2474 976 2517 a
997 2455 1040 2517 le·

19 2539 171 2627 gionibus
185 2537 328 2619 facium3
353 2557 473 2620 pronus
497 2537 538 2604 ad
561 2558 664 2603 novas
688 2560 748 2619 res,
763 2541 883 2604 scelere
908 2540 1041 2622 insuper

20 2622 213 2710 Nymphidii
224 2623 337 2688 Sabini
353 2623 511 2704 Pteleon,
526 2624 704 2707 Imperium
717 2625 778 2689 sibi
790 2625 960 2704 molientis,
975 2626 1041 2711 agi·
1115 2651 1117 2658 t

18 2722 112 2777 tatur.
156 2709 201 2774 Et
216 2708 435 2793 Nymphidius
446 2708 579 2791 quidem
590 2710 624 2773 in
636 2710 705 2793 ipso
717 2722 835 2775 conatu
848 2729 1038 2793 oppressus:

19 2798 84 2877 sed,
99 2796 248 2880 quamvis
263 2795 366 2877 capito
380 2793 568 2859 defectionis
584 2796 698 2878 ablato,
714 2797 862 2860 manebat
881 2797 1041 2881 plerisque

19 2883 162 2949 militum
175 2880 393 2961 conscientia3
417 2898 477 2945 neo
491 2882 622 2948 deerant
636 2900 808 2963 sermones,
825 2880 971 2947 ‘senium
996 2898 1040 2945 at-

18 2988 83 3053 que
104 2965 274 3033 avaritiam
296 2966 419 3030 Galbae’
444 2965 691 3049 increpantium.
735 2965 883 3032 Laudato
906 2966 986 3032 olim
1008 2978 1039 3030 et

19 3054 151 3122 militari
163 3053 249 3130 lami
259 3052 418 3118 celebrata
432 3052 582 3117 severitas
597 3052 669 3132 ejus
684 3054 819 3137 angebat
834 3063 1040 3135 aspernantes

18 3152 162 3205 veterem
175 3138 388 3221 disciplinam,
404 3147 499 3221 utque
515 3138 559 3202 ita
572 3137 814 3220 quatuordecim
829 3139 923 3202 annis
938 3160 958 3201 a
978 3140 1041 3203 Ne·

19 3245 99 3291 rone
113 3225 315 3303 assuefactos,
328 3234 364 3287 ut
376 3224 462 3289 haud
475 3223 579 3288 minus
591 3223 671 3287 vitia
686 3223 876 3307 Principum
887 3233 1039 3303 amarent,

19 3313 117 3395 quam
142 3310 221 3374 olim
246 3310 380 3374 virtutes
403 3295 606 3374 nerdhantur.
650 3308 796 3374 Accessit
820 3309 936 3374 Galbae
962 3329 1038 3389 vox,

18 3417 77 3481 pro
103 3395 282 3477 Republica
305 3395 447 3472 honesta,
470 3395 532 3476 ipsi
555 3413 681 3478 anceps,
705 3393 787 3480 ‘legi
808 3414 828 3457 a
848 3414 882 3457 se
895 3396 1039 3477 militem,

19 3480 183 3544 nonomi'
226 3479 295 3543 Nec
309 3479 398 3543 enim
412 3479 453 3542 ad
468 3480 553 3542 hanc
568 3480 705 3544 formam
719 3490 824 3544 cetera
837 3492 938 3545 erant.
1025 3540 1027 3543 ,

63 3563 118 3627 Vl.
141 3563 326 3626 Invalidum
352 3582 463 3626 senem
486 3564 529 3628 Τ.
545 3564 661 3628 Vinius
686 3574 718 3627 et
744 3564 915 3628 Cornelius
940 3567 1038 3646 Laco,

21 3647 100 3708 alter
114 3646 302 3709 deterrimus
317 3646 512 3726 mortalium,
525 3648 850 3744 alterignavissimus‚
866 3650 941 3714 odio
950 3650 1040 3735 flagi·

19 3728 138 3793 tiorum
158 3738 335 3808 oneratum,
358 3738 522 3795 contemtu
545 3731 670 3797 inertiae
696 3733 911 3802 destruebant.
956 3735 1039 3800 Tar·
