2392 4050
65 154 107 219 ld
406 157 444 223 0.
460 158 573 224 Ooarr·
588 155 725 223 'l'rcrrr
880 155 932 245 [A.
948 154 988 222 U.
1003 154 1083 222 822.

61 322 201 393 Sensus·
215 338 247 394 et
262 329 407 414 Populus
421 348 507 395 vana
519 327 654 394 nomina
667 339 763 410 sunt;
786 328 900 409 vestri,
922 326 1084 394 commili-

61 420 161 494 toues,
176 411 316 497 interest,
329 433 372 481 ne
393 408 619 499 Imperatoiem
641 412 771 498 pessimi
791 413 920 478 faciant.
964 414 1082 500 legio-

60 514 143 562 num
156 499 271 565 seditio
282 500 450 567 adversum
464 502 575 565 Duces
592 520 669 564 suos
691 500 800 564 audita
814 510 862 564 est
885 500 1081 583 aliqnando:

60 593 168 648 vestra
195 585 275 650 fides
297 586 446 671 famaque
471 585 572 673 illaesa
595 586 637 651 ad
661 586 751 659 huuc
775 584 862 651 diem
887 585 1023 650 mansit:
1043 596 1080 649 et

5 744 10 757 .
60 666 148 734 Nero
171 688 301 755 queque
322 691 380 735 vos
403 671 555 752 destituit,
580 688 648 737 non
673 691 731 736 vos
754 670 925 736 Neronem.
969 671 1080 736 Minius

59 752 190 840 triginta
212 755 386 844 nanslugoe
408 767 440 822 et
461 756 645 836 desertores,
660 776 740 840 qnos
765 756 995 821 Centurionem
1020 768 1079 821 aut

59 837 249 906 Tribunum
263 841 324 906 sibi
339 843 495 930 eligentes
506 862 603 906 nemo
623 843 728 923 ferret,
743 841 920 925 Imperium
934 843 1079 928 assigna-

59 924 170 990 bunt?
213 926 389 993 Admittitis
411 928 621 1011 exemplum?
642 937 674 992 et
687 927 882 1011 quiescendo
903 947 1078 992 commune

58 1009 183 1076 crimen
198 1011 326 1079 facitisl
370 1014 592 1079 Transcendet
605 1014 674 1078 baec
686 1013 815 1078 licentia
827 1012 861 1077 in
873 1012 1078 1097 provincias:

57 1103 89 1158 et
103 1095 144 1160 ad
159 1115 218 1162 uos
232 1100 393 1169 scelerum
407 1100 523 1179 exitus,
538 1101 698 1165 bellorum
717 1098 758 1162 ad
773 1117 839 1176 vos,
860 1098 1075 1182 pertinebunt.

33 1169 129 1245 luae
143 1195 191 1247 est
206 1185 289 1267 plus,
305 1184 390 1269 quod
428 1204 465 1250 ro
486 1184 572 1250 caede
587 1184 759 1268 Principis,
772 1185 870 1268 quim
882 1183 970 1267 quod
983 1183 1077 1248 inno·

31 1275 39 1315 ¹
58 1268 204 1333 centibus
218 1269 333 1334 datur:
356 1289 371 1333 s
426 1269 559 1354 perinde
573 1292 593 1335 a
607 1270 699 1336 nobis
713 1269 904 1334 donatiuun
915 1272 956 1335 ob
968 1268 1078 1350 fidem,

55 1353 154 1439 quim
168 1356 209 1419 ab
222 1354 295 1419 aliis
309 1373 367 1438 pro
382 1355 523 1420 facinore
538 1356 720 1439 accipietis)

21 1466 29 1483 ·
102 1439 235 1506 XXXI.
258 1440 313 1505 Dil
373 1440 400 1504 is
429 1441 693 1525 speculatoribus,
722 1451 828 1505 cetera
854 1439 979 1520 cohors,
1007 1458 1075 1504 nou

57 1536 226 1607 aspernma
249 1545 311 1590 oon
333 1536 505 1606 tonantem,
519 1537 556 1590 ut
580 1525 717 1591 turbidis
742 1526 838 1589 rebus
862 1525 979 1605 evenit,
993 1522 1075 1588 forte

56 1609 169 1695 magis,
183 1621 215 1674 et
230 1612 322 1675 nullo
343 1610 450 1676 adhuc
475 1611 621 1692 oonsilio,
635 1621 726 1695 parat
750 1610 853 1695 signa,
867 1611 974 1694 quim,
988 1610 1076 1693 quod

56 1705 168 1778 postea
181 1694 341 1761 creditum
362 1710 419 1778 est,
435 1696 561 1761 insidiis
582 1708 615 1761 et
638 1696 854 1761 simulatione.
899 1696 1018 1760 Missus
1042 1708 1075 1760 et

55 1779 173 1845 Celsus
188 1780 313 1847 Marius
333 1782 375 1848 ad
395 1785 513 1848 electos
535 1781 659 1868 lllyrici
681 1780 847 1861 exercitds,
863 1780 1016 1865 Vipsania
1037 1779 1072 1845 in

130 1867 182 1932 'cn
191 1866 367 1932 tendentes.
407 1866 749 1951 Praeceptum-Amulio
757 1867 878 1933 Sereno
887 1877 919 1931 et
927 1865 1074 1931 Domitio

7 1878 187 2033 “fflro,
210 1948 473 2052 primipilaribus,
490 1960 542 2016 ‘ut
566 1953 778 2018 Germanicos
799 1951 917 2018 milites
931 1973 949 2016 e
963 1951 1074 2016 Liber-

55 2036 130 2122 tatis
158 2050 240 2103 atrro
268 2042 483 2104 arcesserent’
525 2038 663 2125 [regiam
691 2038 833 2104 classice
859 2036 1072 2118 diffidebamr,

54 2121 177 2202 infeste
199 2124 241 2189 ob
255 2123 376 2189 eedem
389 2122 656 2206 commilitonum,
670 2142 752 2207 quos
775 2123 878 2206 primo
900 2123 1008 2188 statim
1025 2123 1076 2189 iu·v

52 2207 153 2271 troitu
168 2206 383 2275 trucidaverat
398 2211 510 2275 Galba.
555 2211 701 2295 Pergunt
715 2210 811 2274 etiam
825 2208 859 2273 in
872 2220 976 2273 castra
990 2210 1074 2274 Prae-

8 2297 11 2304 '
53 2292 255 2359 torianorum
283 2294 435 2379 Tribuni,
465 2295 578 2361 Cetius
602 2295 751 2377 Severus,
777 2293 915 2360 Subrius
940 2295 1072 2376 Dexter,

54 2378 228 2476 Pompeius
243 2376 433 2466 Longinus3
448 2380 475 2444 si
487 2380 634 2464 incipeus
642 2379 759 2461 adhuc,
770 2392 802 2444 et
810 2378 952 2444 necdum
960 2379 1073 2446 adulta

53 2462 178 2546 seditio,
214 2465 400 2531 melioribus
432 2465 577 2532 masiliis
606 2466 796 2532 flecteretur.
845 2464 1070 2531 Tribunorum

51 2548 209 2615 Subrium
221 2560 253 2615 et
268 2549 401 2617 Gerium
414 2552 532 2616 milites
546 2549 649 2617 adorti
664 2551 772 2632 minis,
833 2550 971 2637 uginum
982 2571 1073 2617 man·

48 2633 123 2699 ibus
137 2639 286 2701 coiircent
299 2647 550 2720 exarmantque3
572 2634 1071 2735 quiannon1ordinemilitiae3,ssd
1147 2669 1149 2672 v
1193 2639 1195 2706 j

51 2720 198 2786 eGalbte
213 2722 334 2810 amicis,
348 2721 434 2787 fidus
444 2720 593 2822 Principt
608 2741 678 2804 suo,
690 2720 1073 2810 etdesciscentibusj'sus·
1194 2795 1195 2800 ἵ

51 2807 173 2889 pectim
186 2817 263 2873 erat.
307 2806 410 2894 Legio
425 2807 569 2889 classica,
576 2808 668 2872 mihil
690 2816 849 2889 cunctata,
866 2808 1069 2872 Praetorianis

49 2889 247 3044 adjunffir.
290 2892 415 2977 Illyrici
429 2894 587 2959 exereitus
601 2892 694 2958 electi
707 2894 841 2958 Celsum
852 2891 985 2976 ingestis
994 2892 1069 2977 pilis

49 2988 161 3063 protur
226 2992 248 3043 t.
291 2979 486 3045 Germanica
506 2979 629 3045 vexilla
648 2979 705 3043 diu
720 2980 894 3061 nautam,
917 2978 1069 3043 invalidis
1184 3013 1187 3021 ·

50 3062 159 3130 adhuc
173 3064 361 3148 corporibus
374 3075 406 3129 et
419 3066 553 3149 placatis
575 3064 702 3147 animis,
716 3063 804 3147 qubd
824 3082 887 3146 eos,
903 3084 923 3127 a
938 3065 1067 3130 Nerone
1098 3106 1105 3125 ,

54 3148 287 3215 Alexandriam
300 3151 489 3234 praemissos,
502 3162 596 3234 atque
610 3149 686 3214 inde
696 3169 808 3215 rursus
819 3149 918 3236 longi
928 3148 1062 3237 naviga·

50 3232 139 3299 tione
152 3255 178 3297 a
217 3254 262 3317 os,
277 3234 469 3319 impensiore
482 3237 559 3301 curi
575 3236 680 3300 Galba
693 3234 864 3299 refovebat.
880 3301 883 3306 ,
921 3251 924 3264 ‘

36 3316 85 3472 ἶ
203 3321 245 3385 11.
267 3320 426 3387 Universa
435 3318 503 3400 jam
511 3321 602 3404 plebs
614 3321 773 3404 palatium
785 3319 947 3417 implebat,
956 3320 1068 3384 mixtis

85 3404 197 3484 rvitiis,
211 3413 244 3467 et
256 3405 387 3470 dissono
400 3407 550 3487 clamore,
566 3405 705 3471 ‘eedem
720 3406 859 3471 Othonis
873 3415 905 3468 et
919 3404 1067 3487 conjura-

49 3499 157 3552 torum
169 3487 315 3553 exitinm’
329 3489 539 3574 poscentium,
555 3500 591 3553 nt
606 3490 634 3554 si
649 3491 684 3554 iu
700 3491 785 3555 circo
799 3510 837 3554 ao
848 3491 972 3557 theatro
984 3490 1067 3556 ludi·

49 3588 143 3635 crum
156 3571 286 3655 aliquod
301 3575 516 3657 postularent:
538 3593 643 3656 neque
657 3575 723 3639 illis
741 3574 902 3656 judicium
916 3586 972 3640 ant
985 3577 1067 3641 veri-

50 3664 118 3716 tas:
139 3654 258 3737 quippe
278 3657 390 3722 eodem
410 3657 463 3721 die
485 3658 614 3724 diversa
637 3658 707 3744 pari
728 3659 903 3726 certamine
924 3661 1066 3745 postula·
1174 3655 1179 3670 ’
