2392 4050
116 198 160 263 74
240 188 249 244 '.
459 195 777 263 C.Coart.'1'acrr1
935 197 986 286 [A.
1002 197 1043 264 U.
1058 197 1136 261 822.

158 369 283 438 Lxlu.
305 369 371 438 aad
393 369 551 450 Vitellius,
566 369 706 435 adventu
730 368 844 448 fratris,
867 380 900 434 et
923 368 1136 453 irrepentibus

116 454 344 522 dominationis
360 455 529 541 magistriS,
544 456 710 539 superbior
723 467 755 521 et
766 455 912 537 atrocior,
924 456 1029 520 occidi
1041 457 1137 521 Dola-
1184 467 1185 502 ἓ

115 542 235 607 bellam
246 541 351 624 jussit,
366 561 464 625 quem
476 541 510 605 in
526 542 690 606 coloniam
702 542 899 623 Aquinatem
911 542 1086 624 sepositum
1096 543 1135 606 ab
1184 575 1185 648 p

118 627 248 693 Othone
263 628 441 692 retulimus.
486 627 665 707 Dolabella,
681 626 791 694 auditi
805 639 905 692 morte
922 628 1070 708 Othonis,
1085 648 1136 692 ur·

116 714 191 780 bem
204 713 386 778 introierat:
406 712 442 776 ld
466 712 496 777 ei
520 713 673 778 Plancius
699 714 812 793 Varus,
827 712 971 778 Praetura
996 712 1136 793 functus,

116 820 157 864 ex
185 799 307 863 intimis
334 798 511 872 Dolabellae
535 798 657 881 amiciS,
682 797 769 881 apud
792 798 945 864 Flavium
968 795 1135 880 Sabinum,

117 884 310 949 Praefectum
323 885 420 963 urbis,
435 883 559 965 objecit,
572 894 726 967 tanquam
736 885 830 967 rupti
840 883 994 963 custodiri,
1009 885 1137 950 Ducem

116 989 150 1033 aa
165 970 259 1033 victis
274 969 418 1052 partibus
434 970 639 1034 ‘ostentasset
650 973 667 1033 :³
689 969 819 1051 addidit,
835 978 1010 1034 ‘tentatam
1024 971 1136 1034 cohor·

118 1066 191 1134 tam,
213 1074 287 1137 quae
311 1053 409 1122 Ostia
433 1065 540 1141 ageret
553 1056 571 1119 ε’
592 1075 653 1119 nec
677 1055 754 1121 ullis
777 1065 941 1120 tantorum
963 1056 1137 1121 criminum

117 1139 379 1224 probationibus:
408 1140 443 1205 in
470 1139 694 1223 poenitentiam
721 1161 834 1207 versus
860 1160 973 1222 seram,
1007 1142 1137 1206 veniam

115 1237 186 1310 post
201 1227 489 1308 scelusquaerebat.
534 1227 752 1291 Cunctantem
777 1246 875 1309 super
898 1226 987 1290 tanta
1011 1245 1046 1290 re
1063 1229 1136 1293 Fla·

114 1312 209 1378 vium
221 1310 390 1393 Sabinum,
406 1311 544 1391 Triaria,
559 1312 596 1378 L.
614 1311 735 1376 Vitellii
750 1330 843 1392 uxor,
858 1314 943 1377 ultra
967 1311 1136 1377 foemiuam

116 1397 216 1479 ferox,
241 1397 362 1478 terruit,
387 1416 428 1461 ne
444 1398 604 1479 ‘periculo
629 1396 788 1480 Principis
811 1397 932 1462 famam
957 1398 1136 1464 clementia

116 1482 295 1547 affectaret)
338 1482 488 1563 Sabinus,
510 1493 624 1565 suopte
649 1482 781 1568 ingenio
803 1483 897 1562 mitis,
919 1484 976 1546 ubi
998 1482 1136 1548 formido

115 1569 305 1647 incessisset,
328 1567 432 1631 facilis
458 1579 592 1646 mutatu,
618 1568 706 1633 etin
733 1568 839 1632 uliano
864 1568 1052 1633 discrimine
1078 1570 1135 1635 sibi

117 1673 249 1739 pavens,
266 1672 308 1717 ne
323 1652 477 1718 allevasse
492 1653 663 1732 videretur,
678 1653 808 1736 impulit
821 1665 977 1718 ruentem.

160 1740 280 1804 LXIV.
302 1739 405 1822 Igitur
418 1738 576 1821 Vitellius,
592 1749 680 1804 metu
693 1747 725 1802 et
735 1738 819 1820 odio,
833 1739 921 1822 qubd
941 1740 1136 1820 Petroniam,

116 1844 253 1890 uxorem
266 1823 344 1906 ejus,
360 1844 437 1889 mox
452 1825 622 1890 Dolabella
636 1825 671 1889 in
692 1824 933 1891 matrimonium
953 1827 1135 1909 accepisset,

116 1923 269 1978 vocatum
282 1929 338 1993 per
351 1910 509 1994 epistolas,
525 1909 645 1974 ‘vitati
668 1910 838 1974 Flaminia
860 1911 921 1976 via
944 1912 1134 1991 celebritate,

117 1998 281 2062 devertere
291 1996 524 2065 Interamnium
532 2005 627 2079 atque
637 1995 680 2060 ibi
689 1994 836 2060 interfici’
842 1994 945 2078 jussit.
983 1996 1136 2086 Longum

114 2083 310 2148 interfectori
325 2082 450 2147 visum:
473 2081 507 2144 in
523 2082 636 2144 itinere
652 2101 690 2145 ac
705 2081 836 2146 taberna
850 2082 1029 2167 projectum
1043 2082 1134 2148 humi

14 2245 15 2250 ἵ
114 2166 298 2253 jugularit:
320 2167 437 2253 magna
463 2186 539 2230 cum
564 2165 688 2232 invidia
711 2168 791 2232 novi
815 2167 1026 2251 PrincipatriS,
1042 2170 1136 2251 cujus

116 2253 180 2316 hoc
192 2255 332 2336 primum
345 2253 504 2336 specimen
519 2254 720 2318 noscebatur.
764 2254 809 2317 Et
821 2255 956 2319 Triariae
972 2255 1136 2320 licentiam

117 2337 298 2403 modestum
311 2359 329 2401 e
344 2339 489 2421 proximo
503 2339 689 2421 exemplum
703 2340 863 2420 onerabat,
879 2341 1019 2421 Galeria,
1034 2341 1136 2424 Impe

116 2424 229 2489 ratoris
256 2443 348 2504 uxor,
378 2443 445 2488 non
470 2424 617 2487 immixta
639 2424 802 2489 tristibus:
832 2438 864 2490 et
889 2425 957 2508 pari
981 2427 1134 2508 probitate

117 2521 218 2574 mater
233 2511 442 2589 Vitelliorum,
458 2509 603 2588 Sextilia,
619 2510 743 2593 antiqui
759 2509 864 2576 moris.
909 2510 1040 2575 Dixisse
1054 2513 1134 2595 quin

116 2595 223 2675 etiam,
238 2595 279 2659 ad
304 2596 421 2679 primas
446 2594 503 2658 filii
528 2594 579 2659 sui
601 2595 758 2679 epistolas,
774 2594 941 2677 serebatur,
957 2603 1041 2660 ‘non
1058 2600 1135 2662 Ger·

116 2680 282 2745 manicam
297 2701 372 2757 ase,
387 2681 443 2744 sed
458 2680 627 2745 Vitellium
643 2682 807 2768 genitum!
851 2683 919 2747 Nec
934 2682 1011 2746 ullis
1027 2696 1135 2765 postea

115 2765 249 2832 sortunae
264 2766 430 2848 illecebris,
446 2777 501 2830 aut
515 2766 636 2830 ambitu
648 2767 795 2848 civitatis,
808 2767 842 2832 in
852 2767 1010 2854 gaudium
1020 2770 1135 2848 evicta,

115 2852 228 2917 domds
242 2872 308 2917 suae
322 2854 446 2916 tannim
459 2853 595 2915 adversa
608 2852 717 2916 sensit.

159 2938 263 3003 LXV.
287 2938 477 3024 Digressum
501 2958 522 3000 a
545 2936 709 3022 Lugduno
733 2936 901 3003 Vitellium
925 2937 970 3002 M.
994 2940 1134 3004 Cluvius

117 3020 225 3089 Rufus
240 3025 427 3107 assequitur,
453 3023 571 3087 omissi
593 3023 768 3106 Hispanid3
793 3024 935 3088 laetitiam
949 3035 981 3087 et
995 3026 1134 3110 gratula-

117 3110 237 3176 tionem
250 3111 345 3176 vultu
359 3108 472 3190 ferens,
487 3110 595 3189 auimo
611 3109 729 3172 anxius
743 3122 775 3172 et
788 3109 923 3191 petitum
937 3128 971 3174 se
985 3111 1134 3175 crimina·

116 3194 258 3261 tionibus
284 3215 414 3279 gnarus.
466 3195 620 3273 Hilarius,
644 3195 779 3258 Caesaris
800 3195 940 3273 libertus,
969 3194 1133 3276 detulerat,

117 3288 298 3364 ‘tanquam
310 3281 419 3345 audito
435 3281 556 3344 Vitellii
570 3292 602 3342 et
618 3280 756 3344 Othonis
767 3280 962 3363 Principatu,
973 3284 1134 3365 propriam

116 3367 183 3450 ipse
206 3365 380 3448 potentiam
400 3375 432 3428 et
456 3365 689 3448 possessionem
712 3365 941 3449 Hispaniarum
962 3368 1132 3431 tentisset:

116 3452 219 3532 abque
247 3450 472 3531 diplomatibus
501 3451 631 3514 nullum
664 3450 849 3534 Principem
874 3452 1132 3536 praescripsisset!

114 3534 384 3615 interpretabatur
395 3533 544 3614 quadem
554 3553 596 3596 ex
609 3536 807 3600 orationibus
816 3536 895 3617 ejus,
904 3539 1133 3604 contumeliosa

114 3620 151 3683 iu
166 3617 341 3694 Vitellium,
357 3632 388 3679 et
402 3638 459 3699 pro
474 3638 508 3681 se
523 3618 592 3698 ipso
607 3621 782 3702 popularia.
826 3622 1008 3686 Auctoritas
1023 3623 1131 3688 Cluvii

115 3698 292 3784 praevaluit,
308 3710 345 3763 ut
358 3701 469 3784 puniri
484 3702 576 3767 ,ultrb
598 3704 749 3770 libertum
768 3726 866 3774 suum
881 3707 1033 3774 Vitellius
1043 3710 1132 3793 juba-
