2392 4050
471 195 669 260 nasicam.
834 257 837 262 ,
1016 196 1082 262 237

45 381 81 429 ca
94 357 141 428 ‘ac
162 364 318 429 liventia.
363 366 511 436 Quidam
536 377 639 429 artem
664 367 775 430 abesse
797 364 980 449 legentibus
1003 365 1086 430 arbi·

44 458 188 512 trantur:
211 470 298 513 nam
312 450 345 513 in
361 451 457 514 rubro
470 451 552 514 mari
564 451 642 514 viva
653 469 691 515 ac
705 451 861 534 spirantia
873 450 961 513 saxis
976 451 1084 532 avelli,

44 533 77 596 in
92 531 282 613 Britannia,
299 544 395 617 prout
405 538 544 617 expulsa
557 536 632 612 sint,
648 535 782 620 colligi:
805 554 866 624 ego
879 533 1007 598 iacililrs
1018 555 1085 599 cre·

43 616 194 700 diderim,
220 630 380 683 naturam
399 619 580 707 margaritis
601 619 720 700 deesse,
740 626 843 703 quam
864 619 958 683 nobis
982 618 1099 790 avari-¹

46 702 131 765 tiam.
1116 729 1120 734 ²

86 787 184 850 xlii.
209 789 285 871 Ipsi
309 787 456 851 Britanni
480 788 643 853 delectum
668 807 706 852 ac
735 788 856 852 tributa
879 798 912 851 et
937 787 1102 869 injunctax

45 869 177 952 Imperii
194 891 339 938 munera
360 871 497 957 impigri:
521 874 651 953 obeunt,
674 874 702 935 si
724 872 851 954 injuriae
872 873 1000 937 absint:
1023 871 1084 938 has

46 957 303 1042 agrb'tolerant,
323 955 392 1038 jam
414 956 537 1036 domiti,
560 970 598 1021 ut
622 968 763 1042 pareant,
786 958 943 1037 nondum,
965 966 1003 1022 ut
1017 976 1083 1021 ser·

46 1039 143 1104 uiant.
189 1042 305 1127 Igitur
330 1041 456 1122 primus
480 1043 629 1106 omnium
653 1043 876 1106 Romanorum
902 1044 944 1106 D.
970 1043 1080 1107 Julius

46 1141 120 1188 cum
134 1127 290 1190 exercitu
313 1124 516 1190 Britanniam
531 1128 706 1211 ingressus,
728 1146 915 1209 quanquam
929 1127 1079 1222 prosperi

46 1208 156 1292 pugna
173 1210 330 1275 terruerit
340 1211 474 1290 incolas,
491 1230 529 1274 ac
545 1211 649 1275 littore
664 1211 784 1295 potitus
795 1211 845 1289 sit,
861 1222 962 1293 potest
976 1211 1080 1275 rideri

47 1294 224 1361 ostendisse
237 1295 385 1380 posteris,
396 1313 463 1358 non
476 1296 653 1360 tradidisse.
684 1296 765 1361 Mox
778 1296 863 1359 bella
873 1295 993 1375 civilia,
1003 1306 1035 1358 et
1044 1295 1080 1358 iu

48 1374 302 1461 Rempublicam
325 1397 418 1445 versa
442 1379 629 1464 principum
651 1400 750 1461 arma,
772 1399 810 1443 ac
836 1381 936 1467 longa
957 1379 1079 1445 oblivio

47 1458 227 1527 Britanniae
240 1467 341 1530 etiam
355 1464 389 1527 in
404 1483 493 1546 pace.
538 1465 721 1530 Consilium
735 1465 770 1528 id
785 1466 826 1529 D.
841 1465 1012 1550 Augustus
1023 1483 1080 1529 vo·

50 1544 147 1624 cabat,
164 1549 329 1612 Tiberius
339 1558 546 1632 preceptum.
591 1551 740 1634 Agitasse
752 1550 789 1612 C.
805 1550 966 1613 Oaesarem
976 1549 1017 1613 de
1031 1549 1080 1614 iu·

48 1629 158 1695 uendit
172 1632 358 1713 Britannici,
380 1633 456 1698 satis
470 1644 604 1712 constat,
627 1635 661 1697 ni
677 1636 775 1698 velox
788 1632 931 1717 ingenio,
947 1632 1077 1696 mobilis
1166 1669 1168 1677 ‹

49 1715 248 1799 paenitentia,
264 1729 298 1782 et
310 1719 457 1814 ingentes
469 1718 621 1783 adversus
633 1715 842 1783 Germaniam
851 1726 987 1780 conatus
997 1716 1080 1780 irus·

52 1797 97 1860 tri
116 1798 270 1868 fuissent.
316 1804 423 1867 Durus
439 1803 597 1867 Claudius
619 1813 733 1866 auctor
750 1802 866 1883 operis,
887 1800 1079 1864 transvectis

52 1880 233 1968 legionibus
249 1887 456 1969 auxiliisque,
478 1897 510 1950 et
525 1896 669 1950 assumto
688 1888 721 1950 in
737 1895 860 1969 partem
879 1903 988 1949 rernm
1003 1886 1081 1949 Ves-

53 1967 201 2046 pasiano:
226 1971 317 2057 quod
341 1971 472 2038 initium
495 1980 642 2037 ventura
663 1990 740 2036 mox
764 1970 904 2035 sortunoe
923 1969 1003 2034 suit:
1025 1967 1081 2033 do·

53 2051 272 2140 allegantes,
288 2056 373 2141 capti
387 2058 503 2145 Reges,
512 2066 543 2121 et
554 2065 752 2121 monstratus
767 2055 840 2119 fatis
853 2055 1079 2141 Vespasianus

30 2142 74 2237 pn
94 2135 186 2205 xlv.
210 2141 446 2206 Consularium
459 2141 585 2223 primus
596 2142 703 2206 Aulus
715 2140 865 2205 Plautius
879 2139 1079 2223 prepositus,

56 2236 91 2281 ac
104 2225 248 2290 subinde
262 2226 409 2291 Ostorius
423 2226 573 2309 Scapula,
588 2239 725 2308 uterque
739 2225 826 2288 bello
840 2225 1010 2322 egregins:
1031 2241 1081 2288 re·

57 2298 210 2391 da'ctaque
232 2310 392 2393 paulatim
413 2310 449 2373 in
472 2310 608 2374 formam
631 2309 807 2392 provincia
830 2327 980 2390 proxima
1005 2326 1080 2390 pars

57 2384 253 2458 Britanniae:
276 2393 385 2458 addita
409 2394 484 2457 insu
527 2414 542 2456 r
567 2404 799 2457 veteranorum
821 2391 970 2456 colonia:
991 2410 1077 2475 qua·

58 2467 128 2552 ἀξίω
141 2477 288 2544 civitates
303 2479 475 2564 Cogiduno
539 2478 573 2563 gi
588 2477 736 2541 donatae:
759 2477 801 2559 (is
815 2476 857 2539 ad
872 2484 1013 2540 nostram
1028 2495 1081 2538 us·

58 2571 118 2634 que
133 2563 323 2628 memoriam
336 2562 513 2627 fidissimus
528 2560 683 2710 mansit?
698 2573 803 2625 vetere
818 2580 856 2623 ac
874 2559 944 2641 jam
957 2558 1082 2645 pridem

59 2646 179 2725 recepta
196 2647 315 2730 Populi
336 2646 476 2710 Romani
499 2658 655 2712 consuetu
681 2647 743 2728 ine,
764 2656 801 2710 ut
815 2646 947 2711 haberet
961 2646 1082 2710 instru-

61 2736 163 2819 menta
183 2730 349 2796 servitutis
363 2742 396 2795 et
409 2731 523 2817 Reges.
569 2733 650 2796 Mox
672 2730 792 2796 Didius
813 2732 933 2797 Gallus
954 2742 1081 2815 partas

60 2814 216 2885 puoribus
226 2816 397 2896 continuit,
411 2815 525 2899 paucis
535 2816 712 2881 admodum
722 2816 864 2881 castellis
877 2816 913 2879 iu
927 2817 1082 2881 ulteriora

61 2900 218 2981 promotis,
233 2918 291 2984 per
300 2919 373 2983 quae
388 2899 572 2966 samaancti
583 2900 682 2965 officii
692 2911 898 2983 quareretur.
943 2900 1082 2964 Didium

62 2971 215 3048 Veranius
229 2986 365 3068 excepit,
379 2985 471 3066 isque
484 2985 570 3047 intra
584 3003 711 3048 annum
724 2986 887 3047 extinctus
900 2993 958 3045 est
1001 2982 1081 3048 Sue·

62 3063 164 3152 tpnius
178 3070 256 3134 hinc
270 3070 429 3135 Paulinus
443 3067 574 3131 biennio
585 3086 752 3150 prosperas
767 3087 817 3131 res
832 3066 954 3147 habuit,
968 3067 1083 3132 subac-

64 3148 101 3205 tis
126 3153 317 3233 nationibus,
348 3151 548 3234 firmatisque
574 3151 752 3234 praesidiis:
788 3170 930 3233 quorum
957 3151 1082 3220 fidnoii

64 3223 192 3302 Monam
215 3240 367 3318 insulam,
392 3249 431 3301 ut
452 3238 538 3302 vires
560 3236 736 3302 rebellibus
758 3236 1002 3323 ministrantem,
1027 3258 1083 3329 ag·

64 3322 193 3402 gltssus,
208 3334 298 3408 terga
311 3322 474 3388 occasioni
489 3321 649 3405 patefecit.

103 3399 171 3494 XV.
195 3409 343 3492 Namque
366 3407 509 3471 abscntiai
527 3407 641 3503 Legati
666 3406 789 3473 remoto
812 3418 911 3490 metu,
933 3407 1082 3474 Britanni

66 3495 177 3567 lgttare
191 3492 275 3558 inter
287 3513 322 3556 se
337 3494 425 3557 mala
438 3491 612 3573 servitutis,
629 3493 775 3557 conferre
789 3491 927 3574 injurias
940 3505 973 3555 et
985 3494 1083 3558 inter·

66 3576 212 3661 creando
227 3577 423 3642 accendere:
447 3577 548 3641 ‘nihil
567 3578 681 3660 profici
695 3578 859 3660 patientiis,
881 3575 945 3637 nisi
960 3585 997 3637 ut
1011 3593 1084 3657 gra·

69 3664 157 3743 uara,
173 3671 327 3751 tanquam
339 3682 380 3729 ex
391 3662 481 3731 faciti
496 3662 716 3743 tolerantibus,
732 3661 951 3744 imperentur:
972 3656 1084 3737 singu·

1008 3899 1014 3909 .
1110 3860 1150 3912 Δ
