2392 4050
1179 138 1184 209 l

116 250 159 317 36
468 251 505 317 C.
521 250 630 316 Coan.
646 248 782 345 Tacrrr
927 250 979 338 [A.
994 250 1032 318 U.
1046 253 1113 318 822.
1178 310 1182 327 ,

115 422 257 490 invicem
269 423 398 514 ignatis,
411 423 634 507 prodebantur.
677 416 826 489 Vilallius
840 421 948 488 literas
962 424 1003 488 ad
1023 424 1115 489 Titia·

114 529 204 589 num,
219 511 349 576 fratrem
370 510 516 590 Othonis,
539 510 725 592 composuit,
750 511 897 574 ‘exitium
919 511 980 593 ipsi
994 510 1116 592 filioque

114 594 193 676 ejus'
202 597 364 675 minitans,
380 596 432 659 ‘ni
444 595 622 660 incolumes
634 595 694 659 sibi
705 605 805 659 mater
816 616 853 659 ac
864 596 953 660 liberi
964 615 1116 660 servaren-

114 684 185 745 tur!
228 682 273 745 Et
284 682 368 745 stetit
381 679 496 744 domus
507 690 660 763 unaque:
683 682 743 744 sub
758 680 894 760 Othone,
910 681 1067 745 incertum
1079 699 1116 744 an

114 776 223 849 metu;
248 767 396 831 Vitellius
411 766 513 830 victor
527 766 704 835 clementie
721 767 856 852 gloriam
870 768 954 830 tulit.
1036 797 1042 811 ·

155 852 307 919 LXXVI.
329 852 457 917 Primus
471 850 592 915 Othoni
616 850 769 915 fiduciam
792 850 914 915 addidit
935 872 976 916 ex
993 852 1117 935 Illyrico

113 936 256 1020 nuntius,
272 936 451 1019 ‘jurassem
461 955 538 1001 eum
549 936 763 1002 Dalmatiaeac
775 937 952 1002 Pannoniae
964 938 1117 1002 etMoesia

112 1023 273 1108 legiones)
316 1022 407 1087 Idem
420 1039 461 1086 ex
486 1021 644 1106 Hispania
667 1023 818 1087 allatum:
841 1022 1052 1106 laudatusque
1066 1041 1117 1106 per
1178 1092 1181 1107 Ι

113 1110 254 1173 edictum
269 1108 407 1174 Cluvius
421 1105 546 1172 Rufus:
568 1117 600 1171 et
614 1107 722 1171 statim
742 1108 907 1194 cognitum
925 1118 981 1191 est,
995 1127 1118 1173 conver·

113 1214 183 1258 sam
211 1194 253 1259 ad
280 1193 448 1258 Vitellium
470 1193 670 1276 Hispaniam
713 1194 762 1258 Ne
786 1193 960 1277 Aquitania
984 1192 1116 1276 quidem,

113 1300 297 1364 quanquam
312 1300 331 1342 a
345 1279 433 1344 lulio
448 1279 552 1343 Cordo
567 1279 602 1342 in
618 1280 715 1345 verba
734 1279 872 1343 Othonis
894 1281 1051 1359 obstricta,
1066 1278 1118 1342 diu
1177 1306 1182 1329 ε

113 1367 239 1430 mansit.
282 1366 451 1448 Nusquam
464 1362 543 1427 fides
562 1374 618 1428 aut
640 1383 745 1446 amor,
769 1376 856 1428 metu
877 1385 916 1428 ac
937 1365 1118 1429 necessitate
1179 1430 1181 1439 ,

113 1451 179 1515 huc
194 1452 273 1516 illuc
287 1451 504 1516 mutabantur.
546 1449 673 1515 Eadem
686 1449 820 1514 formido
834 1450 1035 1533 provinciam
1045 1451 1120 1516 Nar·

111 1538 286 1602 bonensem
300 1536 342 1600 ad
356 1535 522 1600 Vitellium
537 1535 641 1608 vertit,
655 1535 742 1599 facili
756 1536 891 1599 transitu
906 1536 945 1599 ad
962 1535 1119 1619 proximos

112 1633 144 1687 et
156 1621 337 1687 validiores.
380 1620 582 1706 Longinquae
604 1621 789 1704 provinciae,
804 1630 835 1685 et
855 1620 1013 1715 quicquid
1025 1640 1120 1687 armo

112 1726 186 1774 rum
200 1709 278 1774 mari
290 1707 458 1785 dirimitur,
471 1725 568 1788 penes
583 1707 747 1771 Othonem
761 1708 952 1770 manebant:
976 1726 1041 1770 nou
1057 1725 1120 1790 par-

111 1795 195 1875 tium
204 1793 330 1876 studio,
353 1792 410 1857 sed
419 1792 617 1878 eratgrande
631 1800 829 1857 momentum
842 1791 876 1856 in
890 1792 1021 1856 nomine
1035 1793 1119 1856 urbis

112 1888 150 1945 aa
161 1890 319 1962 praetextu
330 1878 474 1943 senatus:
489 1888 520 1941 et
530 1889 742 1975 occupaverat
752 1877 876 1940 animos
887 1878 973 1959 prior
986 1877 1119 1941 auditus.

112 1966 286 2033 Judaicum
300 1965 478 2031 exercitum
491 1964 717 2049 Vespasianus,
739 1962 843 2045 Syriae
864 1964 893 2027 le
917 1962 1006 2028 iones
1022 1960 1120 2028 Muci-

111 2071 194 2117 anus
208 2063 405 2117 sacramento
420 2049 559 2115 Othonis
573 2048 716 2135 adegere.
759 2049 864 2113 Simul
880 1983 1043 2134 AEgyptus
1058 2068 1120 2113 om·

111 2155 231 2220 tresque
245 2156 347 2201 versae
372 2136 407 2199 iu
430 2134 596 2199 Orientem
616 2134 791 2218 provinciae
813 2136 942 2199 nomine
956 2134 1026 2216 ejus
1041 2145 1121 2199 tene·

110 2222 236 2285 bantur.
279 2220 370 2285 Idem
393 2219 512 2283 Airicae
536 2220 735 2302 obsequium,
765 2218 856 2283 initio
881 2240 901 2283 a
928 2219 1119 2306 Carthagine

111 2317 189 2371 orto.
233 2307 345 2390 Neque
357 2305 522 2388 expectata
544 2303 689 2387 Vipstani
703 2304 891 2387 Aproniani,
906 2306 1119 2385 Proconsulis,
1179 2335 1184 2358 ι

111 2391 306 2471 auctoritate,
322 2392 486 2470 Crescens,
508 2390 646 2455 Neronis
667 2390 799 2455 libertus
819 2393 910 2476 (nam
929 2401 962 2455 et
980 2391 1015 2454 hi
1030 2391 1119 2455 malis

111 2478 305 2559 temporibus
319 2484 442 2560 partem
455 2495 489 2539 se
508 2475 704 2558 Reipublicae
724 2474 861 2561 iaciunt)
880 2478 1013 2560 epulum
1028 2474 1119 2559 plebi,

110 2564 151 2628 ob
165 2561 308 2629 laetitiam
326 2561 462 2624 recentis
476 2561 615 2644 Imperii,
639 2562 804 2641 obtulerat,
826 2571 858 2624 et
872 2565 1009 2646 populus
1023 2564 1122 2644 plera·
1185 2615 1186 2632 ,

110 2648 263 2730 quesine
278 2646 372 2710 modo
385 2643 554 2711 festinavit.
598 2646 827 2731 Carthaginem
849 2659 962 2712 ceterae
977 2646 1119 2711 civitates

109 2742 235 2798 secutae.
278 2732 333 2797 Sic
347 2730 504 2796 distractis
526 2732 720 2797 exercitibus
738 2752 776 2795 ac
796 2732 979 2815 provinciis,
994 2732 1120 2796 Vitellio

109 2817 241 2902 quidem
255 2816 295 2881 ad
309 2815 537 2899 capessendam
552 2817 752 2902 Principatus
766 2816 929 2883 fortunam
942 2819 1027 2882 bello
1041 2835 1119 2903 opus

109 2913 185 2969 erat.

57 3033 73 3044 ..
152 2987 319 3056 LXXVII.
342 2987 436 3067 Otho,
458 2996 496 3052 ut
517 2987 551 3052 in
566 2987 669 3054 multi
683 3007 771 3072 pace,
786 2989 899 3053 misnia
912 2987 1042 3073 Imperii
1057 2985 1120 3052 obi-

108 3078 179 3142 bat:
201 3073 348 3159 quadam
373 3093 414 3137 ex
437 3071 591 3160 dignitate
613 3073 820 3157 Reipublicae,
841 3075 992 3158 pleraque
1011 3085 1120 3137 contra

109 3163 208 3226 decus
227 3179 268 3226 ex
282 3159 428 3243 praesenti
441 3179 501 3224 usu
515 3161 723 3243 properando.
767 3161 890 3225 Consul
900 3178 976 3224 cum
989 3160 1119 3222 Titiano

108 3246 203 3313 fratre
217 3246 250 3310 in
268 3244 431 3310 Kalendas
447 3244 578 3310 Martias
591 3246 676 3328 ipse:
698 3246 861 3329 proximos
875 3264 1001 3308 menses
1013 3243 1120 3325 Vergi-

108 3335 165 3399 nio
178 3332 323 3410 destinat,
337 3341 374 3394 ut
389 3329 520 3413 aliquod
545 3331 701 3394 exercitui
726 3331 920 3414 Germanico
934 3330 1120 3393 delinimen-

109 3430 188 3483 tum.
232 3417 386 3500 Jungitur
415 3415 567 3501 Verginio
594 3418 753 3500 Poppaeus
778 3415 943 3500 Vopiscus,
964 3423 1119 3499 praetextu
1185 3483 1186 3502 ,

107 3504 225 3567 veteris
245 3500 412 3583 amicitiae3
435 3501 588 3584 plerique,
611 3502 845 3566 Viennensium
865 3502 980 3566 honori
1000 3501 1118 3579 datum,

109 3587 404 3670 interpretabantur.
448 3586 552 3648 Ceteri
568 3587 764 3651 Consulatus
778 3607 819 3651 ex
833 3586 1044 3650 destinatione
1060 3585 1121 3651 Na·
1185 3597 1186 3656 Τ

108 3671 197 3733 ranis
212 3682 267 3735 aut
282 3671 395 3733 Galhae
411 3673 566 3734 mansere.
611 3672 712 3735 Caelio
738 3693 776 3736 ac
799 3672 915 3736 Flavio
938 3672 1066 3737 Sabinis
1084 3671 1118 3734 in

109 3756 223 3834 Julias,
233 3755 326 3819 Arrio
342 3754 484 3819 Antonio
494 3768 526 3819 at
539 3756 644 3821 Mario
656 3757 795 3821 Celsein
806 3757 1023 3840 Septembres:
1045 3774 1121 3841 quo·
