2392 4050
88 124 123 187 A.
137 124 171 188 0.
185 125 247 213 ou]
357 125 507 194 Hrs‘roa.
521 122 602 188 Lra.
616 123 817 192 Sacranos.
1044 122 1092 196 ‚79

125 293 252 365 LXXV.
273 297 467 364 Versabatur
487 306 562 361 ante
583 299 696 363 oculos
718 295 906 361 Germanici
934 295 1094 362 exercitlls

89 384 305 462 robur,notum
317 383 386 448 viro
401 382 546 447 militari:
570 385 673 450 ‘Sues
687 383 831 469 legiones
845 380 935 446 civili
946 382 1031 448 bello
1045 383 1093 446 in-

89 481 242 552 expertas3
264 468 398 549 Vitellii,
419 470 590 535 victrices:
611 480 646 534 et
666 468 753 554 apud
775 469 879 533 victos
896 468 972 551 plus
991 466 1095 551 queri

89 553 267 635 moniarum,
289 556 387 638 quim
398 555 536 620 virium:
558 556 683 622 fluxam
695 575 751 639 per
764 552 939 618 discordias
953 552 1096 619 militum

87 638 183 719 fidem,
204 650 234 703 et
249 641 433 723 periculum
445 662 487 706 cx
500 640 649 727 singulis.
693 640 784 713 Quid
800 638 888 704 enim
911 637 1095 723 profuturas

86 725 221 789 cohortes
241 727 382 809 alasque,
395 727 424 790 ei
435 746 522 792 unus
537 729 680 809 alterque
694 725 843 809 prasenti
858 723 991 790 facinori
1005 743 1095 807 para

87 821 150 874 tum
161 830 202 874 ex
217 811 344 875 diuerso
359 814 532 894 praemium
546 812 655 897 petetl
699 812 756 876 Sic
770 807 1022 877 Scribonianum
1036 810 1097 874 sub

87 896 216 960 Claudio
231 896 452 962 interfectum:
474 898 521 962 sic
536 916 756 981 percussorem
776 897 857 978 ejus,
877 895 1095 993 Volaginium,

85 980 256 1068 egregario
271 981 312 1046 ad
337 1003 465 1049 summa
489 983 611 1048 militiae
626 996 824 1065 provectum.
867 981 1132 1048 Facillimum*

84 1086 188 1131 versos
201 1068 335 1149 impelli,
349 1069 447 1152 qu'am
460 1069 606 1156 singulos
622 1067 735 1132 uitari.²

122 1151 271 1219 LXXVI.
293 1153 353 1218 His
363 1154 537 1237 pavoribus
550 1164 729 1233 nutantem,
743 1152 843 1218 etalii
858 1153 971 1240 Legati
983 1153 1095 1220 emmi-

83 1258 141 1321 que
155 1238 334 1319 firmabant,
348 1252 380 1303 et
394 1239 578 1319 Mucianus,
597 1250 668 1323 post
686 1239 805 1306 multos
818 1252 1019 1323 secretosque
1031 1260 1095 1306 ser·

83 1343 200 1405 mones,
211 1323 280 1404 jam
291 1335 323 1388 et
337 1345 446 1389 coram
459 1327 504 1389 ita
515 1327 661 1390 locutus:
684 1330 692 1364 ‘
705 1324 827 1389 Omnes
836 1324 892 1408 qui
904 1344 1096 1412 magnarum

84 1427 189 1473 rerum
204 1409 340 1473 consilia
352 1410 542 1493 suscipiunt,
557 1411 714 1499 aestimare
727 1408 853 1491 debent,
872 1430 925 1491 an,
946 1410 1033 1495 quod
1047 1412 1097 1478 in·
1183 1429 1184 1446 ¹

82 1496 226 1573 choatur,
243 1494 438 1579 Reipublicae
453 1496 540 1577 utile,
566 1496 644 1579 ipsis
660 1496 847 1582 gloriosum,
863 1506 919 1562 aut
933 1509 1097 1580 promtum

81 1582 203 1659 effectu,
216 1591 272 1658 aut
286 1582 370 1660 certis
385 1601 451 1647 nou
463 1582 662 1657 arduumsit.
694 1582 802 1647 Simul
813 1581 890 1680 ime,
903 1583 960 1665 qui
973 1583 1097 1665 suadet,

82 1665 333 1731 considerandus
353 1678 411 1747 eet,
436 1666 606 1748 adjiciatue
629 1667 764 1732 consilio
784 1667 966 1751 periculum
979 1666 1122 1748 suumz'l,

82 1764 119 1832 et,
133 1752 162 1816 si
178 1753 324 1816 Fortuna
338 1753 452 1834 caeptis
466 1752 599 1834 affluerit,
622 1751 675 1819 cui
698 1769 865 1818 summum
877 1753 977 1818 decus
989 1758 1098 1840 acqui·
1143 1816 1147 1823 .

81 1846 180 1904 ratur.
226 1837 299 1923 Ego
314 1838 581 1921 te,·Vespasbna,
608 1839 646 1902 ad
667 1837 844 1921 Imperium
863 1858 954 1917 voco,
969 1850 1035 1904 tam
1048 1861 1097 1905 sa·
1183 1891 1184 1902 ,

81 1924 185 1988 lutare
200 1922 406 2005 Reipubllcae,
420 1925 518 2007 quim
540 1923 597 1988 tibi
621 1923 868 2017 magnificum!
885 1924 986 1989 Juxta
1000 1926 1097 2008 Deos,

81 2009 115 2073 in
131 2008 188 2074 turi
202 2029 301 2074 mauu
315 1999 456 2093 ‘positum
476 2021 533 2075 est.
577 2009 646 2075 Nec
667 2008 807 2094 speciem
827 2008 988 2077 adulantis
1001 2032 1098 2096 expa-

81 2095 185 2160 veris:
209 2095 443 2173 aeoniumelit,
473 2097 571 2180 quam
594 2116 614 2159 a
636 2095 733 2161 laude
756 2096 884 2179 propius
905 2094 1010 2177 suerit,
1025 2107 1097 2183 post

82 2181 251 2244 Vitellium
270 2180 356 2266 eligi.
399 2181 475 2246 Nou
489 2181 641 2246 adversus
663 2181 740 2246 Divi
756 2181 895 2279 Augusti
910 2183 1098 2251 acerrimam

13 2283 18 2312 ³
81 2276 231 2347 menum,
245 2285 306 2331 nec
316 2265 466 2332 adversio
477 2245 696 2333 cautissimairn
705 2267 829 2333 Tiberii
839 2279 1044 2350 senectutem,
1054 2288 1096 2333 ne

13 2323 193 2423 §contra
208 2351 278 2415 Gaii
292 2351 431 2434 quidem,
454 2361 510 2417 aut
532 2349 672 2434 Claudii,
691 2354 743 2417 vel
764 2353 913 2434 Neronis,
927 2353 1098 2421 fundatam

52 2486 54 2493 «
81 2438 180 2522 longo
195 2437 332 2520 Imwrio
345 2436 479 2503 domum
493 2438 714 2525 exsurgimus:
736 2438 857 2505 cessisti
870 2438 968 2507 etiarn
982 2441 1098 2504 Galbae

80 2522 286 2608 imaginibus.
330 2522 475 2605 Torpere
498 2524 582 2588 ultra
606 2534 637 2588 et
659 2523 868 2608 polluendam
889 2522 1115 2609 perdendam

81 2629 146 2692 que
161 2607 408 2690 Rempublicarn
421 2609 610 2692 relinquere,
630 2619 768 2692 soporat
783 2611 914 2697 ignavia
928 2610 1099 2693 videretur,

74 2695 180 2776 enam
206 2692 234 2756 si
256 2684 322 2773 tibi,
345 2695 442 2776 quim
466 2694 645 2776 inhonesta,
660 2707 726 2760 tam
746 2705 814 2760 tuta
837 2696 976 2761 servitus
1005 2707 1097 2762 esset.

61 2779 174 2875 Qiit
185 2776 256 2859 jam
269 2789 301 2842 et
323 2787 539 2849 transvectum
563 2793 611 2844 est
634 2792 768 2863 tempus,
793 2801 858 2864 quo
873 2801 981 2866 posses
995 2782 1097 2847 videri

81 2864 290 2948 concupisse:
319 2863 573 2950 confugiendum
597 2876 645 2929 est
670 2866 711 2930 ad
733 2868 937 2950 Imperium.¹
961 2869 1014 2931 An
1043 2888 1098 2932 ex·

80 2949 162 3015 cidit
177 2947 354 3013 trucidatus
370 2950 533 3016 Corbulo?
554 2950 751 3035 splendidior
773 2953 907 3038 origine,
926 2953 1024 3035 quam
1039 2973 1098 3018 nos

80 3056 208 3112 sumus,
223 3033 339 3098 fateor:
361 3034 418 3098 sed
431 3047 462 3099 et
476 3035 571 3116 Nero,
583 3037 747 3102 nobilitate
757 3039 923 3119 natalium,
932 3037 1100 3106 Vitellium

81 3121 234 3186 anteibat.
277 3120 360 3185 Satis
376 3124 483 3186 clarus
503 3132 550 3186 est
564 3122 650 3205 apud
663 3122 834 3203 timentem,
849 3123 997 3207 quisquis
1009 3124 1099 3190 time·

80 3218 146 3271 tur.
191 3206 236 3269 Et
251 3225 341 3288 posse
356 3207 396 3270 ab
410 3207 552 3271 exercitu
571 3208 756 3291 Principem
777 3207 854 3291 fieri,
876 3208 937 3272 sibi
961 3209 1028 3294 ipse
1044 3210 1098 3276 Vi·

81 3291 193 3356 tellius
207 3290 418 3376 documento;
441 3293 540 3358 nullis
559 3294 733 3376 stipendiis,
748 3295 841 3358 nulli
852 3295 982 3363 militari
1003 3296 1097 3379 sama,

83 3378 197 3441 Galbae
209 3376 472 3460 odroprovectus,
514 3379 582 3443 Nec
595 3380 757 3444 Othonem
768 3378 899 3463 quidem
908 3380 1011 3446 Ducis
1021 3395 1098 3465 arte,

83 3475 140 3527 aut
153 3464 315 3527 exercitlls
330 3464 371 3544 vi,
386 3464 442 3528 sed
457 3464 655 3548 preproperi
680 3464 781 3548 ipsius
799 3465 1018 3550 desperatione
1032 3468 1099 3532 vic-

84 3559 164 3628 tum,
172 3548 240 3629 jam
254 3548 496 3614 desiderabilem
506 3559 538 3612 et
550 3570 704 3634 magnum
715 3551 898 3633 Principem
909 3550 992 3616 fecit.
1015 3554 1099 3619 cum

82 3633 214 3700 iuterim
226 3634 348 3723 spargit
362 3635 515 3723 legioneS,
529 3646 674 3703 exarmat
687 3637 843 3717 cohortes,
858 3656 944 3701 nova
956 3634 1100 3720 qnotidie
