2392 4050
61 187 145 254 Μ.
161 186 224 277 aa]
362 188 513 254 Hraroa.
529 185 609 255 Lrn.
625 189 812 259 Quassus.
1007 185 1071 253 139

96 362 132 425 V.
154 362 218 434 Res
233 377 364 445 posuere
379 361 514 442 videtur,
529 360 607 445 quia
621 359 741 425 iterum
754 359 789 424 in
804 360 1000 425 mentionem
1024 359 1074 426 in·

59 445 189 511 uidimus
204 445 278 525 viri,
292 446 406 530 saepiirs
420 445 629 525 memorandi,
644 457 681 510 ut
695 445 797 514 vitam
809 446 979 530 studiaque
992 444 1021 508 e'

58 542 86 594 et
105 534 196 616 qualis
221 532 352 596 sonunt
376 532 423 620 sit,
442 549 531 612 usus,
557 530 671 629 paucis
694 543 844 615 repetam.
899 530 998 596 Helvi
1024 532 1073 595 'us

58 613 192 698 Priscus,
209 616 401 682 Tarauna
413 616 599 701 municipio,
615 616 736 682 Cluvio
747 629 844 700 patre,
854 618 911 702 qui
926 616 1074 683 ordinem

57 703 205 787 primipili
217 703 373 783 duxisset,
392 702 561 789 ingenium
575 703 702 776 illustre
716 703 883 767 altioribus
896 701 1011 767 studiis
1021 701 1075 784 ju·

58 788 142 853 renis
156 788 334 858 admodum
345 787 452 852 dedit:
474 808 544 856 non
562 796 599 851 ut
613 787 767 871 plerique,
781 799 819 852 ut
838 788 971 854 nomine
985 806 1075 873 mag·
1093 835 1107 852 ,

57 873 147 940 nifico
158 893 260 962 segne
272 872 375 937 otium
387 875 517 956 velaret,
531 872 588 938 sed
620 873 664 936 ub
679 872 802 940 firmior
812 873 964 939 adversus
977 873 1075 939 fortu-

57 958 98 1022 ita
109 958 357 1043 Rcmpublicam
377 969 574 1043 capesseret:
596 893 742 1023 anatome
761 959 926 1043 sapitutiae
940 969 1073 1023 secutus

58 1054 107 1124 est,
121 1047 176 1129 qui
191 1047 262 1109 sola
275 1046 369 1125 bona,
382 1064 455 1129 quae
467 1044 611 1125 honesta,
620 1045 707 1107 mala
721 1051 852 1127 uatum,
862 1065 935 1128 quae
949 1044 1072 1129 turpia:

58 1132 236 1212 potentiam,
258 1130 466 1213 nobilitatem
492 1141 659 1214 ceteraque
675 1139 769 1198 extra
790 1131 944 1212 animani,
966 1149 1073 1215 nequa

58 1216 151 1297 bonis,
172 1233 279 1301 neque
303 1216 399 1284 malis
419 1226 642 1282 annumerant.
685 1215 890 1287 uuaestorius
912 1215 1030 1295 adhue,
1052 1235 1074 1279 a

59 1300 137 1367 Paeto
151 1300 302 1365 Thrasul
316 1317 416 1388 gener
423 1301 578 1380 delectus,
590 1321 609 1365 e
621 1301 764 1365 moribus
775 1301 874 1366 soceri
885 1301 969 1366 nihil
980 1301 1072 1386 aequb

58 1406 91 1450 ac
103 1387 282 1452 libertatem
296 1385 423 1451 hausit:
444 1387 535 1469 civis,
550 1388 696 1468 Senator,
713 1386 856 1467 maritus,
870 1405 979 1474 gener,
994 1387 1074 1453 ami·

58 1490 110 1536 eus
123 1473 252 1538 cunetis
265 1473 339 1539 vite
359 1472 475 1537 officiis
489 1472 664 1556 aquabilis,
678 1487 780 1557 opum
793 1483 979 1554 contemtor,
1003 1492 1087 1557 pre.

58 1557 155 1641 vicar,
170 1567 323 1626 constans
338 1556 490 1624 adversim
503 1569 618 1624 metus.

96 1644 149 1708 Vl.
172 1644 287 1723 Erant,
301 1643 631 1727 quibuaappatentior
648 1642 741 1724 samm
755 1642 927 1722 videretur,
941 1644 1072 1728 quando

59 1728 149 1794 etiam
158 1728 357 1813 sapientibus
370 1726 491 1813 cupido
503 1728 616 1816 gloriae
630 1725 812 1793 novissima·
820 1729 962 1792 exuitur.
1005 1728 1072 1794 Ru·

59 1814 108 1878 ina
121 1813 224 1879 soceri
236 1814 271 1878 in
285 1814 422 1879 exilium
436 1817 560 1900 pulsus,
575 1824 621 1895 ut,
633 1814 746 1879 Galbae
760 1813 958 1900 Principem,
969 1814 1070 1896 rediit,

59 1897 248 1965 Marcellum
268 1897 418 1983 Eprium,
447 1901 621 1965 delatorem
647 1899 812 1980 Thrasea,
839 1915 991 1962 accusare
1016 1920 1072 1986 ag·

59 1986 207 2081 graditur.
250 1984 304 2049 Ea
318 1985 408 2067 ultio,
423 1985 590 2067 incertum,
608 1983 710 2067 major
724 2003 766 2049 an
776 1982 901 2066 justior,
916 1984 1073 2053 Senatum

59 2089 91 2135 tn
103 2070 210 2137 studia
231 2070 411 2135 diduxerat.
455 2073 549 2155 Nam,
572 2071 599 2135 si
614 2071 741 2136 caderet
755 2071 939 2151 Marcellus,
955 2090 1072 2159 ugnten

60 2174 183 2222 reorum
196 2158 403 2223 sternebatur.
447 2155 557 2223 Primo
577 2158 689 2229 minax
703 2165 874 2237 certamen,
889 2169 920 2221 et
933 2156 1072 2245 egregiis

58 2243 221 2327 utriusque
244 2241 442 2307 orationibus
467 2252 627 2308 testatum.
660 2242 759 2324 Mox,
778 2238 878 2308 dubit
903 2244 1071 2309 voluntate

60 2327 304 2409 salsamenta
318 2328 510 2394 Senatorum
522 2329 776 2412 deprecantibus,
801 2328 908 2393 omisit
922 2328 1070 2395 Priscus:

62 2414 163 2494 variis
184 2425 222 2478 ut
243 2422 321 2477 sunt
343 2413 514 2479 homiuum
534 2414 674 2501 ingenia,
699 2413 908 2492 sermonibus,
927 2413 1071 2479 uuidere·

61 2499 174 2564 bouem
189 2497 402 2580 laudantium,
417 2509 473 2563 aut
490 2502 703 2565 constantiam
725 2497 967 2581 requirentium.
1012 2500 1072 2565 Oe-

60 2591 215 2666 toramen
231 2585 366 2650 Senatus
380 2584 441 2667 die,
453 2604 517 2668 quo
533 2583 590 2648 ‘de
605 2583 743 2667 Imperio
754 2583 951 2667 vespaimi’
961 2602 1071 2649 oense

62 2670 141 2751 bant,
151 2671 316 2754 placuerat
331 2670 429 2734 ‘mitti
447 2670 488 2735 ad
503 2670 689 2754 Principem
699 2671 842 2757 legatos.³
885 2670 972 2736 Hinc
987 2671 1070 2738 inter

63 2754 245 2821 Helvidium
259 2766 291 2820 et
310 2755 448 2838 Eprium
460 2776 533 2823 ¹acre
546 2756 702 2840 jurgium.
747 2753 876 2821 Priscus
896 2756 992 2845 ‘eligi
1013 2776 1071 2821 no·

63 2840 203 2909 minutim
213 2862 234 2904 a
248 2841 486 2926 Magistratibus
497 2841 630 2923 juratis,’
646 2842 820 2906 Marcellus
842 2844 985 2909 ‘urnam’
998 2862 1070 2927 pos-

61 2928 197 2992 tulabat:
219 2946 291 3010 qua
302 2926 444 2991 consulis
459 2927 618 3012 designati
632 2926 789 2993 sententia
802 2925 916 2992 fuerat.

100 3013 168 3077 Vll.
190 3011 256 3077 Sed
278 3011 422 3079 Marcelli
444 3012 589 3078 studium
630 3012 756 3093 roprius
780 3012 877 3076 rubor
899 3010 1068 3095 excitabat,

63 3113 110 3176 ne,
124 3096 193 3161 aliis
205 3096 323 3178 electis,
335 3098 532 3181 posthabitus
547 3114 582 3162 cr
622 3106 737 3160 eretur.
779 3095 1002 3180 Paulatimque
1013 3117 1070 3181 per

64 3182 296 3247 altercationem
309 3183 349 3249 ad
371 3183 539 3248 continuas
552 3193 584 3247 et
597 3180 728 3245 infestas
749 3181 906 3261 orationes
927 3184 1070 3266 provecti

65 3280 143 3347 sunt,
157 3278 316 3352 quaerente
338 3269 497 3349 Helvidio,
525 3267 623 3351 ‘quid
645 3267 690 3331 ita
714 3267 888 3341 Marcellus
906 3267 1070 3350 judicium

66 3350 304 3439 magistratuum
318 3354 525 3438 pavesceretl
538 3373 607 3417 esse
618 3352 667 3417 illi
683 3353 855 3438 pecuniam
866 3365 897 3419 et
917 3356 1069 3439 eloquen-

67 3436 146 3519 tiam,
159 3440 229 3525 quie
244 3441 362 3506 multos
385 3443 528 3522 anteiret,
543 3440 578 3503 ni
602 3439 755 3504 memoria
765 3439 962 3538 flagitiorum
975 3460 1069 3528 urge·

67 3534 153 3589 retur.
194 3527 286 3592 Sorte
309 3538 341 3591 et
361 3526 444 3590 urna
469 3544 572 3590 mores
593 3545 661 3589 non
683 3524 1015 3610 discernrz‘suffragia
1036 3535 1069 3591 et

66 3607 323 3677 existimationem
335 3612 471 3681 Senatus
493 3621 626 3695 reperta,
640 3624 677 3674 ut
691 3610 726 3672 iu
741 3609 896 3690 cujusque
909 3609 1011 3671 vitam
1024 3609 1068 3670 ta-

66 3707 436 3784 mamquepeneuarent:
457 3696 614 3782 pertinere
626 3695 668 3760 ad
678 3695 849 3759 utilitatem
861 3691 1068 3773 Reipublicae,
