2392 4050
43 225 79 288 A.
95 224 129 297 G.
145 222 210 311 ⁷⁰·l
347 221 795 296 nemausensem.
991 222 1053 288 165

41 392 177 493 Regium
191 396 241 461 illi
254 415 359 494 genus
381 408 412 493 et
432 415 512 479 pace
530 396 791 494 belloqueclara
803 394 904 491 origo.
947 393 1054 490 Ipsee

40 484 209 560 majoribus
222 501 290 546 surs
306 483 406 546 hostis
422 482 538 565 Populi
554 481 692 545 Romani
706 481 805 563 quim
818 498 935 560 socrus,
956 489 1055 560 Jacta·

40 564 95 628 bat.
140 567 303 632 Miscubre
318 588 386 631 sese
401 568 509 633 Julius
525 567 631 631 Tutor
646 578 678 629 et
692 566 801 631 Julius
815 566 977 631 Sabinus:
999 564 1055 632 hic

40 648 163 732 Treuir,
189 653 244 717 hic
259 653 400 739 lingon.
445 654 551 718 Tutor
573 652 650 735 ripae
673 651 781 715 Rheni
796 671 817 714 a
833 651 960 715 Vitellio
974 668 1055 747 prae-

38 733 155 802 sectus:
181 737 333 818 Sabinus,
355 757 451 822 super
474 739 604 802 insitam
626 737 812 815 vanitatem,
834 736 925 801 salsae
948 733 1055 820 stirpis

37 821 143 901 glorier
170 823 423 888 incendebatur:
447 823 632 907 ‘proaviam
654 843 747 887 suam
772 823 860 888 Divo
875 821 971 902 Iulio,
998 838 1054 905 per

38 906 157 971 Gallias
181 908 326 987 bellanti,
348 928 479 992 corpore
494 919 589 992 atque
609 908 766 996 adulterio
788 907 967 993 placuisse.²
1009 905 1056 970 Hi

35 993 160 1058 secretis
175 996 378 1060 sermonibus
389 995 514 1060 animos
525 1003 704 1059 ceterorum
714 994 870 1059 scurtari:
891 993 956 1073 ubi,
971 1008 1054 1075 quos

35 1074 163 1144 idoneos
193 1080 353 1160 rebantur,
390 1079 587 1144 couscientia
614 1078 823 1159 obstrinxere,
860 1079 895 1143 in
925 1075 1054 1144 colonii

36 1162 263 1247 Agrippinensi
276 1164 308 1229 in
322 1164 455 1230 domum
467 1164 631 1249 privatum
641 1163 861 1245 conveniunt3
883 1183 959 1228 uam
974 1164 1054 1248 pub·

35 1244 93 1312 lice
119 1250 239 1316 civitas
264 1252 379 1315 talibus
404 1252 541 1334 inceptis
564 1251 773 1329 abhorrebat:
795 1260 935 1313 attamen
958 1249 1054 1314 inter·

34 1328 118 1427 lubre
140 1335 279 1419 quidam
302 1336 470 1416 Ubiorum,
496 1336 783 1421 Tungrorumque.
824 1335 890 1400 Sed
913 1334 1054 1419 plurima

34 1433 80 1480 tus
94 1439 196 1502 penes
212 1421 374 1485 Treveros
389 1441 427 1485 ac
450 1421 636 1508 Lingonas:
658 1440 719 1485 nec
741 1420 842 1486 tulius
857 1440 962 1485 moras
977 1438 1054 1484 rou·

35 1504 197 1570 sultandi:
221 1505 365 1571 certatim
386 1509 605 1589 proclamant:
629 1505 755 1570 ‘furere
767 1505 933 1571 discordiis
947 1507 1054 1590 Popu-

36 1587 99 1654 lum
122 1592 321 1671 Romanum,
338 1610 444 1656 »caesas
467 1592 620 1678 legiones,
642 1602 801 1656 vastatam
822 1592 959 1671 ltaliam,
980 1591 1052 1677 capi

35 1678 103 1738 cim
117 1678 262 1742 maxime
277 1678 400 1758 urbem,
415 1697 526 1742 omnes
538 1676 698 1741 exercitus
709 1680 777 1739 suis
787 1695 946 1759 quemque
961 1677 1053 1741 bellis

36 1756 188 1853 detineri:
209 1763 236 1829 si
261 1763 360 1844 Alpes
385 1762 541 1846 praesidiis
564 1763 742 1839 firmentur,
768 1761 885 1825 coeliti
910 1761 1080 1856 libertate⁸

37 1841 231 1994 {lrsp’ecturas
248 1847 382 1930 Gallias,
404 1868 503 1932 quem
520 1847 642 1912 virium
658 1865 793 1911 suarum
811 1844 987 1911 terminum
999 1864 1053 1911 ve·

49 1942 101 1995 llll.

51 2098 56 2109 .
75 2014 160 2085 Lvr.
185 2019 264 2085 Haec
278 2018 366 2085 dicta
376 2018 497 2103 pariter
504 2018 699 2104 probataque
712 2039 720 2082 ε
742 2017 782 2082 de
797 2015 941 2100 reliquiis
955 2014 1054 2082 Vitel-

38 2097 110 2167 ilani
124 2106 285 2171 exercitiis
296 2105 491 2171 dubitavere.
536 2103 686 2187 Plerique
702 2102 966 2168 ‘interficiendos’
980 2122 1054 2168 ceu·

40 2187 153 2272 rebant,
186 2190 360 2270 ‘turbidos
388 2190 514 2271 infidos,
544 2189 705 2294 sanguiue
732 2190 866 2255 Ducum
892 2190 1053 2273 pollutos)

40 2268 116 2337 Vicit
131 2277 213 2342 ratio
232 2276 404 2360 parcendi:
427 2295 478 2355 ne,
499 2277 626 2341 sublate
639 2294 695 2358 spe
709 2274 823 2355 veuiae,
843 2274 1054 2358 pertinaciam

40 2363 254 2428 accenderent.
299 2361 498 2428 Allicieudos
519 2362 621 2445 potius
636 2359 670 2425 in
687 2359 879 2425 societatem
922 2359 1054 2444 negaris

40 2449 156 2513 tantbm
171 2448 338 2533 legionum
352 2447 535 2526 intersectis,
556 2458 699 2511 ceterum
713 2448 842 2531 vulgus,
857 2443 1054 2510 consciendi

41 2532 191 2598 scelerum
206 2545 236 2597 et
252 2554 307 2618 spe
323 2532 533 2617 impunitatis,
548 2531 643 2596 sacili
658 2532 883 2596 accessurum!
925 2530 978 2594 Es
991 2529 1054 2615 pri·

41 2614 79 2677 ui
92 2619 219 2683 consilii
239 2619 360 2684 forma:
383 2617 536 2701 missique
556 2638 612 2702 per
627 2617 752 2681 Gallias
774 2616 951 2680 concitores
965 2612 1053 2680 belli.

42 2696 231 2769 Simulatum
254 2704 332 2789 ipsis
357 2703 557 2785 obsequium,
579 2703 644 2786 qub
669 2702 880 2768 incautiorem
895 2702 1054 2767 Voculam

42 2790 256 2868 opprimerent.
301 2790 370 2855 Nec
385 2787 526 2871 deluere,
539 2792 595 2873 qui
606 2788 741 2853 Voculae
756 2789 954 2853 nuntiarent.
987 2785 1055 2853 Sed

41 2869 117 2938 vires
139 2875 181 2939 ad
205 2875 419 2941 coercendum
442 2874 581 2954 deerant,
605 2874 859 2957 infrequentibus
880 2871 1054 2955 infidisque

43 2950 223 3040 legionibus.
268 2962 355 3026 luter
377 2959 546 3044 ambiguos
570 2960 687 3024 milites
710 2970 741 3023 et
763 2960 908 3023 occultos
935 2957 1052 3035 hostes,

42 3043 226 3132 optimum
248 3045 458 3130 presentibus
485 3056 581 3124 ratus,
605 3043 718 3109 mutui
741 3041 999 3106 dissimulatione
1021 3050 1054 3106 et

44 3124 155 3212 lisdem,
177 3133 296 3215 quibus
317 3131 490 3215 petebatur,
514 3129 636 3207 artibus
656 3128 816 3214 grassari;
840 3130 873 3192 in
889 3126 1053 3195 coloniam

44 3210 303 3301 Agrippinensem
321 3214 495 3281 descendit.
540 3215 625 3280 Illuc
647 3214 803 3279 Claudius
821 3214 938 3293 Labeo,
953 3231 1053 3296 quam

44 3312 161 3380 captum
175 3314 207 3367 et
221 3313 313 3368 extra
325 3311 524 3379 conuentum
543 3299 753 3365 amandatum
767 3297 801 3363 iu
818 3299 949 3378 Frisios,
971 3298 1054 3363 dixi·

47 3397 117 3466 mus,
146 3387 306 3471 corruptis
331 3387 516 3452 custodibus
542 3385 705 3472 perfugit3
740 3385 978 3468 pollicitusque,
1004 3385 1052 3449 ‘si

46 3473 218 3560 presidium
232 3473 370 3552 daretur,
387 3472 509 3537 iturum
523 3472 557 3536 in
573 3473 712 3537 Batavos
727 3484 758 3537 et
771 3471 927 3555 potiorem
941 3469 1052 3534 cirita·

47 3559 80 3614 trs
92 3570 210 3638 partem
224 3559 265 3623 ad
279 3558 463 3622 societatem
477 3557 659 3622 Romanam
674 3568 889 3622 retracturum
901 3558 919 3634 3’
940 3573 1053 3634 accep
1134 3574 1139 3587 ’

46 3635 74 3696 ῑῖὶ
87 3644 221 3723 peditum
234 3645 442 3728 equitumque
454 3643 581 3707 modica
592 3662 701 3721 manu,
716 3642 800 3705 nihil
812 3639 900 3721 apud
914 3639 1053 3698 Batavos

50 3738 141 3812 tusis,
155 3731 312 3815 quosdam
327 3729 523 3813 Nerviourm
537 3726 801 3806 Betasiorumque
816 3723 851 3786 iu
865 3737 957 3782 arma
969 3728 1053 3778 trax·
