2392 4050
648 233 745 283 m:
778 202 1252 282 Ora-romeos
1287 213 1675 283 Dranoaus.
2055 218 2180 278 2:³1

117 385 516 471 traduntque
538 385 822 452 invicem
852 407 928 452 ac
948 388 1115 471 saepe
1140 389 1210 452 in
1229 387 1520 451 colonias
1542 403 1621 449 ac
1636 386 2007 467 provincias
2035 406 2188 450 sues

31 495 39 500 ·
119 474 436 550 scribunt,
465 475 602 536 sive
630 490 859 536 sensus
886 473 1125 553 aliquis
1155 471 1388 557 arguta
1416 480 1480 535 et
1530 469 1714 534 brevi
1757 470 2067 555 sententis:
2104 470 2192 534 ef-

120 555 329 636 fulsit,
361 558 497 620 sive
524 559 707 620 locus
734 555 1059 637 exquisito
1087 567 1151 619 et
1182 556 1430 638 poetico
1473 554 1656 618 cultu
1687 553 1939 618 enituit,
2031 554 2188 618 Exi-

118 641 306 724 gitur
330 638 505 703 enim
527 639 667 720 jam
694 639 775 701 ab
796 649 1046 703 oratore
1084 639 1280 703 etiam
1306 641 1594 722 poeticus
1624 638 1831 718 decor,
1863 658 1995 702 nou
2031 638 2188 723 Attii

121 733 243 786 aut
276 724 546 788 Pacuvii
573 733 836 786 veterno
866 723 1262 804 inquinatu8‚
1286 723 1401 787 sed
1429 744 1514 788 ex
1544 721 1796 786 Horatii
1827 734 1887 782 et
1935 722 2188 806 Virgilii

120 817 188 871 et
218 808 475 870 Lucani
499 807 781 870 sacrario
803 810 1108 888 prolatus·
1196 810 1454 872 Horum
1472 807 1682 892 -igitur
1710 806 1975 870 auribus
2003 818 2063 866 et.
2087 808 2192 886 ju·

120 890 321 954 diciis
340 891 783 972 obtemperans
808 901 1176 956 nostrorum
1204 902 1533 956 oratorum
1561 901 1733 970 oetas,
1763 894 2100 975 pulchrior
2128 902 2188 954 et

120 974 415 1038 ornatior
453 975 685 1038 extitit.
774 975 1002 1056 Neque
1032 976 1176 1039 ideo
1217 976 1430 1038 minsis
1457 975 1750 1040 efficaces
1778 986 1931 1038 suut
1963 978 2188 1038 uratio-

121 1077 248 1122 nes
266 1067 519 1138 nostrae,
548 1058 704 1140 quia
733 1056 816 1121 ad
846 1078 1033 1124 aures
1047 1059 1489 1139 judicantium
1518 1079 1672 1122 cum
1690 1061 2023 1142 voluptate
2055 1082 2188 1142 per-

121 1142 423 1206 veniunt.
514 1141 701 1210 Quid
746 1143 941 1221 enim,
1000 1144 1057 1205 si
1114 1143 1476 1207 infirmiora
1530 1143 1770 1207 horum
1823 1158 2188 1223 temporum

120 1229 371 1308 templa
397 1225 639 1305 credas,
669 1226 826 1308 quia
851 1244 985 1290 non
1017 1228 1163 1291 rudi
1183 1236 1499 1292 caemento
1522 1237 1584 1290 et
1602 1226 1975 1291 informibus
2011 1238 2190 1306 tegu-

120 1312 211 1377 lis
240 1319 686 1390 exstruuntur,
718 1310 830 1374 sed
859 1329 1173 1374 marmore
1205 1313 1413 1377 nitent
1446 1321 1508 1376 et
1537 1331 1698 1376 auro
1727 1310 2104 1374 radianzur‘z

217 1395 410 1460 XXI.
456 1393 784 1475 Equidem
812 1393 1053 1458 fatebor
1069 1398 1256 1460 vobis
1284 1396 1681 1479 simpliciter,
1705 1415 1807 1459 me
1827 1398 1895 1458 iu
1927 1398 2188 1478 quibus-

120 1481 284 1544 dam
313 1477 732 1559 antiquorum
750 1478 867 1541 vix
896 1478 1120 1558 risum,
1142 1481 1214 1543 in
1243 1481 1635 1563 quibusdam
1652 1489 1867 1546 autem
1891 1486 1999 1542 vix
2023 1502 2188 1542 som-

120 1582 319 1640 num,
347 1573 579 1625 tenere.
669 1563 808 1625 Nec
847 1581 1061 1627 unum
1109 1563 1190 1626 de
1217 1566 1458 1646 populo
1487 1564 1847 1627 Canutium
1879 1582 1987 1626 aut
2019 1566 2188 1630 Arri—

120 1658 249 1712 um
278 1646 693 1710 Furniumve
723 1648 1090 1727 nominabo,
1120 1648 1364 1729 quique
1394 1648 1541 1710 aliis
1570 1648 1642 1710 in
1669 1647 1895 1710 eodem
1943 1650 2188 1710 valetu-

120 1731 387 1794 dinario
430 1729 573 1794 heec
625 1749 772 1793 ossa
814 1740 878 1792 et
926 1730 1098 1794 hanc
1140 1731 1418 1794 maciem
1459 1733 1750 1813 probant.
1839 1734 1979 1814 Ipse
2028 1734 2192 1798 mihi

124 1817 402 1893 Calvus,
433 1815 582 1877 cum
610 1833 824 1878 unum
868 1824 933 1877 et
973 1815 1226 1900 viginti,
1259 1825 1333 1879 ut
1376 1824 1550 1897 puto,
1596 1815 1795 1878 libros
1843 1818 2188 1898 reliquerit,

122 1900 253 1964 vix
271 1899 340 1961 in
363 1897 499 1961 una
521 1907 635 1961 aut
658 1897 858 1961 altera
882 1899 1297 1963 oratiuncula
1318 1897 1656 1963 satisfacit:
1699 1916 1819 1962 nec
1851 1898 2192 1962 dissentire

123 1991 379 2049 ceteros
408 1983 488 2051 ab
518 1982 643 2047 hoc
675 2001 819 2047 meo
840 1978 1107 2062 'judicio
1152 1983 1379 2048 video:
1423 1994 1662 2067 quotus
1701 1984 1871 2047 enim
1915 1982 2192 2067 quisque

122 2067 328 2132 Calvi
358 2067 429 2131 in
466 2068 753 2132 Asitium
797 2076 910 2131 aut
956 2070 1026 2132 in
1052 2070 1350 2145 Drusum
1393 2069 1549 2155 legit
1570 2070 1601 2133 ’.ἱ
1646 2077 1730 2150 at,
1771 2068 2075 2147 Hereule,
2124 2071 2192 2135 ili

122 2152 479 2217 hominum
520 2152 957 2216 studiosorum
1000 2153 1303 2217 manibus
1347 2163 1688 2218 versantur
1730 2155 2192 2235 accusationffl,

124 2256 279 2321 quae
312 2236 381 2300 in
406 2236 742 2300 Vatinium
770 2235 1213 2301 inscribuntur
1230 2256 1306 2301 ac
1329 2237 1656 2320 praecipue
1679 2239 1963 2303 secunda
1987 2263 2067 2301 εις
2092 2239 2192 2299 his

125 2320 380 2385 oratio:
426 2330 520 2384 est
566 2321 743 2401 enim
780 2320 995 2384 verbis
1039 2330 1265 2386 ornata
1295 2330 1358 2384 et
1389 2321 1755 2401 sententiis,
1803 2323 2192 2403 auribusque

120 2404 431 2488 judicum
469 2404 988 2469 accommodata:
1029 2414 1104 2468 ut
1147 2405 1335 2485 scias,
1365 2404 1591 2488 ipsum
1623 2421 1879 2488 quoque
1911 2407 2196 2471 Calvum

125 2489 552 2569 intellexisse,
572 2487 732 2571 quid
762 2490 996 2552 melius
1024 2500 1209 2568 esset,
1239 2509 1362 2553 nec
1402 2492 1819 2571 voluntatem,
1839 2491 2003 2571 quin
2047 2491 2196 2555 sub-

124 2574 351 2639 limius
382 2583 446 2636 et
474 2574 709 2637 cultius
737 2572 994 2653 diceret,
1026 2572 1139 2636 sed
1181 2573 1524 2659 ingenium
1553 2595 1630 2639 ac
1660 2575 1851 2655 vitea,
1895 2575 2196 2639 defuisse.

132 2657 375 2729 Quidtt
418 2677 503 2721 ex
554 2656 867 2721 Ooelianis
917 2658 1360 2723 orationibus?
1405 2678 1637 2745 nempe
1685 2660 1786 2724 hae
1823 2663 2096 2743 placent,
2144 2663 2196 2723 si

128 2762 272 2808 non
304 2743 641 2822 universae,
674 2751 740 2804 at
768 2751 977 2824 partes
1005 2762 1250 2825 earum,
1277 2743 1348 2808 in
1376 2746 1614 2827 quibus
1638 2746 1915 2810 nitorem
1951 2759 2023 2809 ut
2063 2747 2200 2807 alti-

132 2826 436 2891 tudinem
472 2827 710 2891 horum
760 2836 1124 2910 temporum
1170 2831 1604 2913 agnoscimus,
1690 2831 1927 2895 Sordes
1983 2843 2200 2895 autem

34 2987 38 2992 ,
127 2910 482 2975 verborum
510 2920 573 2975 et
595 2910 785 2974 hians
814 2912 1193 2995 compositio
1220 2923 1284 2977 et
1309 2913 1627 2977 inconditi
1649 2932 1879 2975 sensus
1911 2911 2200 2975 redolent

132 2995 621 3076 antiquitatem:
668 3014 790 3059 nec
820 3015 1193 3078 quenquam
1234 2995 1397 3059 adeo
1441 2996 1879 3078 antiquarium
1923 3011 2096 3075 pum,
2128 3007 2200 3059 ut

134 3078 427 3145 Ooelium
454 3100 540 3144 ex
566 3079 645 3143 ea
688 3090 865 3162 parte
910 3078 1148 3159 laudet,
1177 3080 1309 3162 qua
1336 3079 1644 3161 antiquus
1671 3088 1786 3144 est.
1879 3079 2204 3143 Conceda-

132 3183 289 3229 mus
318 3171 474 3227 sane
513 3167 587 3229 C.
615 3165 978 3245 Caesari,-ut
1008 3176 1265 3247 propter
1310 3165 1827 3252 magnitudinem
1875 3167 2200 3251 cagitatio-

135 3268 306 3313 num
333 3259 398 3312 et
424 3250 879 3331 occupationes
908 3268 1130 3313 reru-m
1154 3249 1372 3314 minus
1402 3250 1468 3313 in
1509 3251 1875 3334 eloquentiis.
1903 3255 2196 3331 effecerit,

136 3332 342 3416 quam
371 3333 695 3397 Divinum
717 3333 859 3413 ejus
888 3333 1233 3419 ingenium
1262 3336 1660 3419 postulabat3
1708 3346 1859 3415 tam,
1887 3339 2196 3415 Hercule,

137 3424 341 3499 quam
382 3418 660 3482 Brutum
703 3418 1131 3502 philosophiae
1174 3438 1310 3483 suae
1355 3420 1815 3505 relinquamus.
1907 3423 2096 3499 Nam,
2132 3423 2200 3483 iu

139 3500 545 3564 orationibus
590 3502 909 3566 minorem
951 3522 1091 3565 esse
1138 3502 1313 3567 sama
1359 3504 1498 3585 sufi',
1543 3505 1741 3578 etiam
1784 3503 2200 3567 admiratores

135 3584 282 3664 ejus
310 3585 607 3652 fatentur.
696 3586 835 3649 Nec
862 3585 1022 3650 forte
1053 3588 1400 3669 quisquam
1427 3597 1540 3651 aut
1561 3587 1831 3649 Caesaris
1863 3607 1975 3663 pro
1999 3583 2200 3671 Decio

138 3668 457 3751 Samnite,
504 3678 618 3735 aut
644 3669 832 3734 Bruti
874 3688 990 3752 pro
1021 3669 1331 3735 Deiotaro
1354 3670 1552 3754 Rege,
1581 3679 1985 3747 certerosque
2035 3679 2200 3739 εῃιιε-

2372 3682 2382 3702 ιι

2372 3718 2382 3765 l:
