2392 4050
307 216 355 266 nn
371 195 534 264 Meriana
550 195 773 262 Garunna
978 197 1046 266 ms

36 365 163 436 Gentenl
176 367 473 519 angrlbmplcbc
483 366 810 450 comitas,conailium
818 367 1047 438 simuletaue·

35 453 86 518 tori
159 475 179 520 a
218 465 290 521 unt
861 473 865 479 ’

70 464 163 606 ΧἯΪ.
186 540 281 607 Nibil
295 549 405 607 autom
424 557 530 628 neque
549 537 690 623 publicae
712 555 817 625 uaqm
837 538 968 624 privatae
988 541 1045 622 rei,

35 620 89 688 nisi
100 627 216 694 armati
230 635 345 714 agunt.
388 623 453 692 sed
468 643 557 689 arma
574 643 701 690 sumere
714 643 782 690 non
804 635 879 691 ante
892 627 1047 711 cuiquam

35 711 129 792 moris,
152 711 392 795 qaum-civitas
412 709 625 776 suffectumm
645 710 836 808 probaverit.
893 712 987 778 'Pum
1010 712 1046 779 in

35 790 93 874 lpse
109 797 261 878 concilio,
277 800 332 864 vel
354 795 543 882 Principum
561 796 688 879 aliqum,
710 795 763 862 rel
785 806 884 881 pater,
898 799 953 862 rel
974 815 1047 881 pro·

35 877 182 1024 pinques.
197 894 295 948 scuto
320 882 505 966 frameiquc
523 881 681 963 juvenem
701 892 837 950 omont:
861 883 933 947 haec
958 881 1062 968 apud¹

43 962 95 1029 llos
164 990 192 1050 a,
216 969 273 1033 hic
287 970 413 1053 primus
434 966 579 1049 juventae
605 967 730 1032 bonos:
749 977 824 1033 ante
845 966 909 1032 hoc
931 968 1045 1034 domur

35 1061 95 1128 pars
108 1051 140 1115 vi
163 1064 273 1137 entur,
296 1070 377 1119 mox
390 1053 596 1137 Reipublicae.
639 1052 780 1139 Insignis
802 1052 961 1136 nobilitas,
986 1064 1043 1121 aut

35 1148 138 1221 magna
151 1149 285 1223 patrum
300 1140 422 1220 merita,
443 1138 603 1221 Principis
623 1135 843 1235 dignationem
855 1139 953 1205 ctiam
967 1140 1042 1206 ado·

35 1214 204 1291 lucanmlia
219 1224 408 1313 assignant:
429 1224 542 1290 ceteris
557 1223 787 1289 robanroribar
798 1242 836 1289 ac
847 1221 1041 1309 jampridem

35 1303 156 1383 probatis
179 1320 420 1410 aggregantur:
456 1328 516 1376 nec
540 1309 647 1390 rubor,
670 1309 753 1375 inter
775 1309 907 1375 comites
930 1311 1039 1397 aspici.

35 1386 150 1476 Gradus¹
162 1413 246 1481 qurn
260 1398 361 1464 etiam
372 1406 405 1460 et
424 1394 492 1479 ipse
506 1392 676 1460 comitatus
689 1394 793 1476 habet,
811 1393 934 1476 judicio
958 1395 1039 1480 ejus,

35 1490 115 1553 quem
128 1492 315 1546 sectantur:
339 1490 559 1567 magnaqueet
570 1482 727 1546 comitum
737 1481 910 1563 aemulatio,
921 1482 1039 1566 quibua

35 1557 142 1637 primus
156 1567 245 1651 apud
268 1565 566 1652 Principemsuum
584 1568 695 1632 locus:
717 1577 749 1630 et
770 1566 969 1650 Principum,
983 1568 1039 1635 cui

35 1643 148 1721 plurimi
171 1663 205 1716 et
229 1652 379 1719 acerrimi
400 1651 540 1720 comites.
597 1651 677 1715 flacc
698 1649 847 1737 dignitas,
867 1650 920 1717 ha
942 1653 1038 1737 vires,

35 1741 138 1815 magno
156 1753 286 1823 semper
308 1737 483 1803 electorum
494 1735 654 1817 juvenum
675 1736 770 1823 globo
785 1735 988 1819 circumdari,
1003 1738 1039 1805 in

35 1827 99 1892 paee
111 1817 220 1905 decus,
236 1824 272 1889 in
289 1824 374 1888 bello
388 1821 579 1905 presidium.
623 1821 693 1888 Nec
706 1819 811 1885 solium
824 1821 860 1884 in
870 1821 929 1884 suia
943 1833 1039 1909 gente

36 1897 147 1986 cuique,
161 1909 217 1972 sed
234 1909 323 1993 apud
344 1908 495 1973 finitimus
509 1927 637 1993 quoque
652 1904 844 1982 civitatesid
858 1923 985 1988 nomeu,
1000 1927 1040 1974 ea

35 1983 191 2071 gloriaest,
206 1994 235 2059 si
251 2014 389 2062 numero
403 2014 441 2059 ac
451 1992 570 2059 virtute
585 1991 752 2058 comitatis
766 1993 922 2057 emineutr
944 2011 1040 2079 expe·

36 2075 132 2139 tantur
145 2080 238 2146 enim'
251 2081 467 2168 legationibus
485 2092 517 2145 et
530 2078 718 2144 muneribus
739 2087 895 2143 emautur
917 2088 949 2144 et
967 2079 1038 2167 ipsi

36 2153 211 2248 Plerumque
225 2167 313 2233 fami
326 2167 411 2232 belle
431 2166 610 2251 profligant

54 2241 152 2335 m·
175 2251 260 2318 Obm
282 2262 417 2317 ventum
440 2250 475 2316 in
499 2250 611 2330 aciem,
633 2260 725 2334 turpe
750 2247 893 2334 Principi
917 2250 1036 2319 virtute

36 2330 117 2412 unci,
132 2341 224 2421 turpe
239 2336 415 2419 comitatui,
430 2335 585 2403 virtutem
597 2334 757 2420 Principis
778 2352 845 2399 uon
859 2333 1035 2420 adaquare.

38 2405 97 2504 Jtm
109 2421 186 2485 verb
199 2423 322 2489 infame
336 2424 369 2488 in
384 2437 513 2488 omnem
527 2420 628 2485 vitam
650 2439 688 2486 ac
710 2420 907 2504 probrosum,
928 2440 1037 2505 supar-

37 2500 127 2568 tbtcm
140 2506 286 2595 Principi
299 2527 359 2573 suo
372 2527 414 2572 ex
435 2507 504 2571 acie
527 2506 700 2571 recessisse.
743 2505 843 2569 Illum
857 2501 1036 2589 defendere,

37 2584 114 2674 erari,
127 2609 188 2658 sua
201 2613 331 2680 quoque
345 2592 440 2657 fortia
453 2592 536 2658 sacta
548 2592 662 2677 gloriae
675 2589 746 2674 ejus
770 2589 943 2677 assignare,
958 2610 1036 2675 prae·

37 2680 155 2748 tlpuum
174 2688 412 2746 sacramentum
434 2687 490 2743 est.
535 2675 701 2761 Principes
725 2696 782 2762 pro
804 2674 938 2742 victorii
956 2697 1036 2766 pug-

38 2761 102 2817 tunt
114 2778 121 2840 3
144 2766 276 2831 comites
289 2784 347 2850 pro
358 2764 517 2848 Principe.
559 2763 596 2829 si
611 2761 733 2843 civitas,
747 2762 783 2827 in
795 2760 861 2846 qui
872 2763 934 2828 orti
948 2774 1035 2848 sunt,

38 2829 212 2929 ¹9ssgi'pace
231 2861 263 2915 et
277 2850 341 2914 otio
361 2857 490 2934 torpeat,
513 2850 655 2933 plerique
671 2847 831 2913 nobilium
853 2848 1036 2916 adolescen-

38 2923 107 2990 tram
119 2943 232 3012 petunt
249 2936 336 3001 ultro
349 2955 403 2999 aas
417 2933 573 3014 nationes,
586 2954 661 3018 quae
675 2946 746 2999 turn
759 2932 883 2998 bellurn
903 2934 1035 3017 aliquod

38 3020 156 3101 ἕῗῐΰΰῑς
179 3025 256 3104 quia
269 3032 300 3085 et
313 3021 439 3107 ingrata
452 3019 540 3106 genti
554 3020 655 3102 quies,
670 3029 701 3081 et
714 3017 837 3083 faciliirs
851 3018 934 3082 inter
949 3018 1035 3082 anci·

39 3094 104 3168 latia
117 3102 299 3188 clarescant,
314 3122 531 3194 magnumque
541 3105 728 3169 comitatum
743 3120 808 3167 non
818 3101 880 3165 nisi
893 3102 1035 3168 riballo·

39 3186 90 3266 lue
112 3195 281 3257 tueantur:
310 3194 447 3276 exigunt
474 3189 562 3253 enim
590 3185 749 3271 Principis
771 3185 822 3250 sui
846 3186 1034 3257 liberalitate

39 3259 122 3332 'llum
144 3273 326 3343 bellatorem
350 3271 479 3361 equum,
504 3274 594 3340 illam
619 3282 786 3338 cruentam
805 3270 1034 3360 victricemque

39 3340 184 3427 frameam.
226 3364 312 3429 Nam
326 3362 438 3447 epulae,
459 3369 500 3440 et,
521 3377 708 3445 quenquam
730 3357 871 3442 incomti,
894 3360 926 3425 ia
965 3362 1035 3427 ita·

40 3442 103 3522 ¹¹30ss
116 3458 279 3528 cuparum
294 3468 350 3533 pro
364 3446 521 3531 stipendio
535 3446 673 3510 cedunt:
696 3445 828 3509 materia
844 3445 936 3510 muni
962 3466 1035 3513 cen·

40 3519 84 3577 ¹¹⁸³
95 3539 146 3604 Per
159 3531 241 3599 bella
253 3544 286 3599 et
300 3543 417 3617 raptus.
462 3531 531 3598 Nec
545 3550 636 3596 arare
650 3540 777 3611 terram,
799 3540 855 3597 aut
867 3541 1035 3612 expectare

40 3614 156 3696 bunum,
177 3629 244 3687 tarn
267 3619 363 3685 facile
384 3616 589 3704 persuaseris,
613 3623 713 3701 quem
732 3633 848 3681 vocare
870 3614 977 3677 hostes
1002 3622 1035 3677 et
