2392 4050
61 214 98 278 A„
113 214 149 280 Ο.
166 215 229 306 70.]
342 215 492 282 Hrsroa.
507 215 587 281 Lm.
603 216 799 321 Quaeram
1013 216 1075 285 171

60 406 137 470 qnos
159 387 392 469 existimamus,
412 398 450 454 ut
472 387 609 454 interfici
628 389 754 454 anobis
775 397 931 475 parentes,
956 388 1078 473 fratres,

59 473 172 538 liberos
187 487 312 541 nostros
327 475 443 540 velitis
488 475 633 560 Vectigal
648 484 681 539 et
695 494 796 539 onera
808 475 1078 542 commerciorum

59 560 258 626 resolvimus.
302 561 378 626 sint
391 561 544 627 transitus
559 560 746 625 incustoditi
759 580 767 642 ;
789 559 846 625 sed
860 559 972 624 diurni
984 571 1018 624 et
1031 561 1079 625 iu·

58 662 179 728 ermes3
201 647 306 712 donec
321 666 409 713 uova
428 655 460 712 et
479 645 622 713 recentia
639 646 716 728 jura
734 645 769 710 in
788 655 982 710 vnustatem
1003 665 1078 710 con·

57 731 228 796 suetudine
251 743 427 797 vertantur.
471 733 641 797 Arbitrum
665 730 855 796 babebimus
882 730 1022 796 Civilem
1045 744 1079 796 et

59 815 219 899 Veledam,
234 817 322 902 apud
331 837 415 902 qnos
429 830 522 901 pacta
531 818 737 882 saucientur?
779 817 835 883 Sic
847 817 954 882 lenitis
969 818 1078 882 Tenc·

58 902 139 983 teris,
168 904 267 989 legati
291 902 333 967 ad
356 902 494 969 Civilem
519 913 551 967 et
575 903 731 968 Veledam
755 904 845 967 missi
869 921 947 967 cnm
972 902 1077 980 donis,

56 997 174 1053 cuncta
188 1008 231 1053 ex
245 991 414 1053 voluntate
436 987 726 1075 Agrippinensium
738 988 968 1073 perpetravere.
1012 986 1079 1054 Sed

57 1091 164 1137 coram
178 1075 269 1139 adire
291 1074 477 1159 alloquique
493 1073 649 1139 Veledam
668 1086 831 1160 negatum
874 1074 1077 1140 Arcebantur

57 1168 196 1242 aspectu,
224 1161 291 1244 qud
315 1160 533 1225 venerationis
560 1161 641 1242 plus
656 1160 782 1224 inesset
827 1161 902 1243 Ipsa
926 1159 1011 1224 editt
1040 1162 1076 1225 in

56 1252 159 1309 turre:
183 1245 329 1311 delectus
342 1265 360 1308 e
375 1244 564 1330 propinquis
575 1247 726 1311 corrsnlta
739 1264 962 1330 responsaque,
976 1257 1014 1311 nt
1029 1246 1078 1311 in·

57 1332 240 1396 temuntius
255 1331 420 1411 Numinis,
436 1331 589 1415 portabat.

97 1416 218 1484 LXVI.
241 1418 366 1498 Civilis,
381 1417 531 1481 societate
596 1415 831 1500 rippinensium
844 1428 968 1499 auctus,
983 1436 1078 1503 prox·

57 1498 134 1565 imae
150 1502 298 1568 civitates
312 1502 471 1582 affectare,
486 1516 542 1569 aut
555 1527 574 1568 a
596 1503 800 1585 versantibus
815 1504 938 1569 bellurn
951 1502 1077 1582 inferre,

55 1586 174 1653 'statuit
218 1587 458 1674 occupatisque
479 1588 621 1669 Senicio,
647 1600 679 1652 et
696 1587 867 1669 juventute
888 1608 1002 1657 eorum
1018 1609 1076 1672 per

57 1672 202 1739 cohortes
217 1674 405 1757 compositi,
430 1674 495 1757 qub
513 1675 620 1738 minirs
634 1676 719 1739 ultra
738 1686 892 1759 pergeret,
917 1675 1077 1739 Claudius

59 1756 164 1824 Labeo
188 1759 390 1825 Betasiorum
406 1759 684 1846 Tungrorumque
703 1770 735 1823 et
749 1759 947 1824 Nerviorum
959 1761 1078 1824 tumul·

58 1844 158 1908 tuane
173 1862 274 1911 mauu
288 1844 423 1910 restitit:
445 1844 546 1910 fretus
560 1847 643 1924 loco,
660 1843 739 1928 quia
752 1854 883 1926 pontem
897 1844 999 1909 Mosae
1017 1846 1077 1909 fiu-

58 1928 152 1994 minis
163 1941 375 2015 antecaperet
412 1931 687 2018 Pugnabatnrqne
699 1929 732 1993 in
745 1930 904 2013 angustiis
915 1930 1077 2016 ambigue,

58 2012 158 2082 donec
184 2016 341 2083 Germani
361 2028 595 2083 transnatantes
621 2029 713 2101 terga
733 2015 894 2081 Labeonis
919 2015 1077 2082 invasere.

59 2099 161 2167 Simul
178 2103 305 2187 civilis,
328 2122 438 2183 ansus,
459 2123 503 2167 an
517 2124 559 2168 ex
573 2103 760 2186 composito,
781 2100 893 2168 intulit
904 2121 940 2167 se
954 2103 1079 2190 agmini

61 2183 282 2287 Tungrorum,
304 2198 336 2254 et
351 2189 552 2254 clartroee:
577 2190 672 2254 ‘Non
693 2187 783 2268 ideb‚’
805 2187 912 2271 inquit
933 2190 1079 2256 ‘bellum

60 2288 242 2354 sumsimus,
256 2285 294 2339 ut
309 2274 423 2340 Batavi
434 2284 466 2339 et
480 2273 618 2340 Treveri
632 2274 782 2359 gentibus
796 2273 963 2358 imperent
1001 2276 1079 2340 Pro·

59 2359 110 2422 cul
125 2360 196 2425 hoec
211 2362 336 2425 anobis
347 2378 417 2425 arro
483 2359 549 2428 tia:
569 2358 681 2442 accipe
692 2359 897 2425 societatem:
919 2371 948 2424 tr
1045 2381 1078 2427 e·

60 2438 127 2524 dior
141 2446 182 2509 ad
196 2465 266 2526 vos,
279 2465 339 2510 sen
353 2464 407 2509 me
416 2379 553 2527 fflcem,
564 2465 623 2511 seu
633 2444 777 2525 militem,
792 2446 965 2512 mavultis!
1044 2467 1078 2513 o·

61 2528 191 2594 rebatur
212 2531 343 2618 Vulgus,
364 2531 608 2615 condebantque
630 2530 774 2617 gladios3
797 2532 872 2597 cirm
892 2533 1077 2615 Campanus

62 2630 97 2675 ac
110 2615 287 2696 Juvenalis,
307 2636 353 2681 ex
377 2617 572 2700 primoribus
595 2617 820 2702 Tungrorum,
842 2617 1029 2683 nniversam
1046 2619 1078 2685 ei

63 2710 187 2780 gentem
213 2701 378 2768 dedidere.
431 2702 548 2785 Labeo,
578 2714 753 2786 antequam
779 2705 1078 2788 circumveniretur,

63 2784 209 2872 profugit
252 2787 370 2854 Civilis
388 2788 530 2852 Betasios
554 2808 684 2873 quoque
708 2808 747 2852 ac
762 2788 908 2871 Nervios,
929 2790 965 2855 in
980 2791 1080 2858 fidem

63 2884 213 2967 acceptos,
236 2874 339 2957 copiis
359 2873 428 2938 suis
449 2873 620 2955 adjunxit:
642 2874 895 2960 ingeneratum,
920 2876 1078 2961 perculsis

64 2968 226 3023 errrtatnm
240 2959 365 3039 animia,
381 2960 434 3024 vel
449 2970 561 3043 sponte
576 2958 818 3024 inclinantibus.

103 3041 236 3109 LXVIL
259 3045 387 3109 Interea
400 3045 510 3110 Julius
530 3044 682 3124 Sabinus,
701 3042 850 3127 projectis
863 3044 991 3110 foederis
1014 3044 1077 3110 Re·

64 3128 147 3192 mani
160 3131 388 3218 monumentis,
407 3130 577 3197 Gaeaorcm
590 3149 626 3193 se
639 3128 773 3194 salutari
781 3128 891 3210 jubet:
913 3150 1078 3218 maguam·

63 3228 124 3293 qne
138 3225 169 3279 et
182 3216 381 3282 inconditam
393 3214 601 3299 popularium
615 3212 789 3280 turbemin
805 3215 972 3299 Sequanos
985 3218 1078 3304 rapit,

67 3300 291 3368 conterminam
302 3300 466 3366 civitatem
479 3311 510 3365 et
523 3300 618 3365 nobis
631 3298 740 3365 fidam.
785 3302 853 3367 Nec
866 3302 1010 3388 Sequani
1024 3306 1079 3372 de·

66 3386 232 3451 trectavere
252 3396 425 3453 certamen.
479 3386 626 3453 Fortuna
645 3386 832 3453 melioribus
850 3390 951 3455 affuit
995 3391 1078 3456 Fusi

68 3463 231 3567 Lingones.
274 3471 417 3539 Sabinus
430 3470 617 3539 festinatum
637 3475 757 3539 temere
771 3475 920 3558 praelium
933 3476 1002 3561 pari
1017 3476 1079 3541 for.

70 3551 181 3624 midine
194 3557 346 3624 deserant
389 3558 495 3643 thue
510 3557 631 3625 fernam
644 3560 734 3625 exitii
748 3559 800 3625 sui
813 3560 939 3640 faceret,
952 3561 1078 3639 villam,

70 3635 100 3700 in
114 3659 209 3737 quam
221 3642 414 3730 perfugerat,
433 3646 606 3712 cremarit:
627 3645 697 3709 illic
717 3646 901 3708 voluntaria
915 3652 1017 3734 morte
1030 3644 1079 3703 in·

71 3728 342 3799 enuncientur
365 3728 441 3812 aad,
451 3730 570 3814 quibus
580 3729 703 3795 artibus
711 3726 902 3815 latebrisque
911 3733 1012 3791 vitam
1021 3738 1079 3808 pet
