2392 4050
114 148 159 213 22
457 150 494 215 Ο.
509 149 619 216 Gonu.
635 150 771 216 Tacrrr
934 152 986 241 [Δ.
1000 152 1042 218 U.
1056 149 1141 217 822.

113 321 223 389 cuncti
237 321 271 389 in
285 333 397 397 castra
419 320 540 386 aulana
557 320 732 407 proximos,
756 334 877 399 certare
898 342 976 390 cum
996 343 1143 407 precur-

112 409 266 490 rentibus,
289 408 453 492 increpare
480 409 628 489 Galbam,
650 409 782 473 laudare
803 408 945 475 militum
962 409 1143 492 judicium,

112 494 293 560 exosculari
308 494 446 558 Othonis
461 512 612 558 manum:
635 495 819 581 quantoque
831 494 932 582 magis
943 495 1025 560 falsa
1034 506 1145 577 erant,

112 599 185 664 que
208 579 336 661 fiebant,
350 579 440 643 tantb
463 580 558 663 plura
570 578 687 643 facere.
731 582 807 647 Non
828 582 1057 664 aspernabatur
1070 581 1142 646 sin·

46 663 67 743 ,⁹
112 665 208 752 gulos
228 663 323 747 Otho,
345 663 479 731 avidum
497 674 531 728 et
552 664 714 733 minacem
732 666 873 741 militum
894 666 1042 733 animum
1054 687 1143 732 voce

112 751 270 833 vultuque
284 760 472 834 temperans.
516 750 659 815 Marium
681 746 823 835 Celsum,
838 753 1015 818 Consulem
1032 752 1142 839 desig-

112 845 235 915 natum,
250 847 281 900 et
291 836 516 920 Galbamque
529 836 563 899 in
573 844 734 917 extremas
745 856 796 900 res
806 838 948 903 amicum
957 838 1141 922 fidumque,

111 921 154 985 ad
167 921 364 1004 supplicium
376 922 637 1006 expostulabant,
651 920 723 1003 iud,¹
748 922 816 986 triac
838 921 908 1005 ejus
927 923 1143 988 mnoeentiae·

67 1018 70 1025 ’
111 1025 184 1090 qua,
207 1007 300 1088 quasi
322 1008 417 1072 malis
443 1008 572 1088 artibus,
597 1007 724 1074 infensi
768 1008 875 1073 Gadis
898 1019 929 1074 at
952 1009 1143 1094 praedarum

113 1091 245 1157 initium
259 1101 290 1156 et
304 1113 324 1156 o
346 1094 423 1159 timo
439 1094 557 1176 cuique
571 1078 746 1239 pemipi†n
754 1095 856 1177 queri
870 1096 1061 1197 apparebat)
1081 1092 1144 1160 sed

114 1177 238 1242 Othoni
253 1112 399 1243 nondum
412 1178 584 1244 auctoritas
598 1179 700 1244 inerat
713 1179 754 1243 ad
763 1179 999 1263 prohibendum
1012 1181 1142 1245 scalusr

110 1262 224 1345 jubere
247 1263 316 1346 jam
337 1275 482 1349 poterat„
511 1265 569 1342 Ita,
592 1264 797 1413 simulptione
817 1265 882 1346 ire,
906 1266 1051 1330 ‘vinciri’
1068 1254 1155 1367 ju*

113 1369 195 1446 sum,
210 1360 243 1499 pt
258 1349 411 1448 ‘majores
422 1369 534 1434 poenus
549 1350 701 1415 daturum
725 1350 896 1433 affirmans,
907 1351 1055 1435 prasenti
1069 1369 1142 1416 exr-

113 1445 158 1500 tro
170 1455 206 1499 su
231 1447 335 1500 traxrt.
704 1466 707 1481 ι

157 1521 278 1586 XLVI.
300 1521 421 1586 Omnia
433 1518 549 1585 deinde
563 1520 850 1587 arbitriogmilitum
864 1531 945 1586 acta
988 1520 1141 1586 Praetorii

113 1606 283 1671 Praefectos
298 1607 358 1671 sibi
373 1606 433 1691 ipsi
445 1608 570 1692 lcgbm3
593 1607 739 1673 Plotium
749 1606 909 1690 Firmum,
923 1627 941 1671 a
956 1606 1157 1709 manipula,

113 1692 203 1756 ribus
224 1693 395 1774 quondam,
418 1703 488 1757 tum
500 1692 656 1777 vigilibus
673 1691 889 1775 prepositum,
912 1702 952 1773 at,
977 1691 1156 1771 incolumi,

113 1777 221 1842 adhuc
244 1778 357 1858 Galba,
378 1789 482 1862 partes
505 1778 644 1844 Othonis
663 1788 819 1842 secutum.
863 1777 1059 1866 Adjungitur
1083 1777 1141 1843 Li·

113 1864 221 1928 einins
243 1865 410 1944 Proculus,
426 1863 541 1928 intimi
561 1862 776 1928 familiaritate
795 1863 944 1945 Othonis,
958 1873 1139 1947 suspectus,

113 1950 248 2014 consilia
261 1948 331 2032 ejus
345 1951 469 2014 fovisse.
514 1950 594 2015 Urbi
608 1950 762 2014 Flavium
781 1949 942 2014 Sabinum
954 1947 1138 2034 praefecere,

108 2033 271 2117 judicium
286 2036 423 2101 Neronis
437 2036 548 2119 secuti,
570 2037 631 2100 sub
645 2055 710 2119 quo
731 2037 867 2102 eandem
882 2055 941 2102 cur
1009 2036 1075 2099 obti
1100 2055 1138 2104 u·

112 2131 200 2184 arat:
220 2122 380 2205 plerisque
393 2121 628 2205 Vespasianum
638 2121 768 2202 fratrem
780 2123 816 2187 in
830 2142 868 2186 eo
883 2141 1037 2206 resprcren
1053 2142 1064 2184 1
1130 2167 1139 2183 .

200 2205 208 2218 Ο,

8 2238 59 2289 μ,
113 2205 321 2302 Flagrtatum,
335 2207 590 2443 ‘utvsscationea
602 2207 746 2291 prestari
758 2208 1010 2274 centurionibus
1024 2207 1137 2286 solitae,

112 2294 365 2359 remrttereutur!
424 2293 572 2376 Namque
595 2292 766 2378 gregarius
790 2295 892 2375 miles,
917 2293 955 2358 ut
979 2294 1138 2359 tributum

112 2396 269 2458 annuum,
336 2376 380 2443 nd
421 2384 503 2494 sals
515 2380 644 2450 Quarta
665 2395 740 2461 pars
766 2379 924 2463 manipuli
943 2397 1054 2464 sparsa
1078 2397 1137 2462 par

33 2523 35 2529 .
79 2399 396 2560 ,loommeatugaut
426 2464 461 2527 in
491 2463 570 2548 ipsis
592 2464 705 2529 castris
732 2485 825 2552 vaga,
854 2465 935 2531 dum
956 2463 1138 2529 mercedem

88 2548 301 2615 ”centurioni
322 2550 519 2632 exsolveret3
541 2568 647 2633 neque
668 2550 802 2616 modum
826 2552 933 2622 oneris
953 2551 1137 2635 quisquam,

112 2653 218 2716 neque
244 2655 348 2723 genus
368 2636 511 2719 questas
575 2637 628 2701 nsi
654 2631 819 2706 habebati,
832 2657 888 2722 per
912 2635 1082 2701 latrocinia
1105 2642 1137 2698 et

111 2731 230 2803 raptus
251 2731 307 2787 aut
326 2720 496 2785 servilibus
511 2722 705 2804 ministeriis,
727 2723 864 2787 militare
886 2722 990 2787 otium
1003 2720 1137 2785 redime

111 2806 199 2870 bant.
243 2808 335 2872 Tum
350 2807 621 2891 locupletissimus
641 2809 778 2892 quisque
794 2810 885 2873 milas
905 2808 1012 2873 labore
1026 2827 1065 2871 ac
1080 2826 1136 2869 se·

111 2892 190 2956 vitii
213 2890 349 2980 fatigari,
374 2893 477 2958 donec
500 2894 703 2958 vacationem
727 2905 863 2960 emeret:
884 2894 951 2973 ubi,
976 2891 1136 2975 sumtibus

112 2978 299 3060 exhaustus,
315 2978 463 3045 socordis·
484 2978 618 3063 insuper
635 2981 831 3065 elanguerat,
852 2980 945 3063 inops
965 2998 1024 3062 pro
1048 2979 1136 3043 locu-

111 3065 195 3147 plete
209 3076 241 3129 et
257 3065 344 3130 iners
358 3085 415 3150 pro
430 3073 572 3144 strenuo,
584 3064 619 3129 in
635 3066 839 3150 manipulum
854 3065 994 3131 redibat:
1016 3083 1055 3128 ac
1067 3083 1136 3129 rur·

111 3167 168 3212 sus
183 3148 266 3215 alius
281 3165 376 3234 atque
391 3150 484 3231 alius,
506 3150 620 3214 eidem
640 3161 779 3237 egestate
793 3172 831 3216 ac
853 3150 983 3216 licentii
1004 3168 1135 3232 corrup-
1184 3149 1185 3160 ’

111 3234 146 3314 ti,
172 3235 214 3299 ad
237 3235 410 3301 seditiones
431 3244 462 3299 et
483 3235 668 3319 discordias,
683 3247 715 3301 et
734 3238 775 3300 ad
790 3248 971 3302 extremum
993 3235 1027 3298 in
1050 3235 1136 3299 bella

112 3319 223 3385 civilia
237 3306 391 3417 ruebanb
425 3321 597 3401 sedutha,
613 3340 655 3385 ne
670 3323 760 3409 vulgi
785 3322 954 3410 largicione
967 3321 1133 3386 cantuae

111 3421 195 3470 num
214 3409 339 3471 animos
353 3416 517 3488 averteret,
540 3406 675 3471 ‘fiscum
696 3428 796 3472 suum
808 3406 993 3472 vacationes
1008 3425 1134 3470 annuas

111 3491 346 3555 exsoluturum’
361 3490 525 3575 promisit:
548 3511 617 3555 rem
630 3492 719 3557 haud
743 3492 840 3558 dubie
856 3492 978 3571 utilem,
992 3504 1025 3556 et
1044 3514 1064 3556 a
1081 3493 1134 3557 bo·
1182 3533 1184 3556 2

135 3571 163 3632 is
178 3584 286 3654 postea
299 3574 511 3657 ‘Principibus
522 3575 526 3586 '
527 3576 741 3662 perpetuitate
765 3577 951 3662 discipline
965 3576 1133 3642 firmatam.
1182 3655 1184 3663 Ι

90 3589 199 3768 strecs
214 3656 397 3741 Prafactus,
412 3668 568 3744 tanquam
581 3659 616 3725 in
630 3661 774 3727 insulam
781 3645 997 3749 seponeret‘ur,
1009 3665 1050 3728 ab
1060 3682 1132 3729 ero·
1182 3713 1183 3758 ἐ
