2392 4050
22 256 24 265 ,
51 211 84 277 A.
99 215 134 279 O.
150 213 213 305 aa]
326 213 476 280 Hieros.
490 212 571 279 Lm.
586 212 765 280 Tunius.
1011 215 1054 281 97

48 387 164 473 abigi!
207 384 332 452 Eadem
349 386 519 452 Mucianus
533 386 654 452 crebris
668 384 810 471 epistolis
823 384 981 469 monebat,
991 387 1058 453 ‘in—

48 482 244 538 cruentamet
254 474 423 538 sinelnctn
436 473 618 552 victoriam,'
628 481 661 536 et
670 469 969 552 aliabujuscemodi
999 493 1057 537 ra·

49 559 192 641 texend03
216 557 274 622 sad
290 559 399 645 gloriae
414 559 538 644 aridus,
553 568 648 642 atque
663 577 760 627 omne
773 557 851 634 belli
873 557 948 635 dec·
993 559 1056 623 sibi

48 645 186 709 retinens.
233 644 381 729 Ceterum
402 665 444 710 ex
457 644 648 710 distantibus
663 653 822 707 terrarum
838 641 959 727 spatiis,
980 663 1057 713 eon·

46 728 111 793 silio
124 750 181 814 pos
210 748 227 791 r
276 726 498 796 afferebantur.
818 764 827 777 ·
1061 748 1168 825 Q·

31 816 138 912 (IX.
169 817 219 900 lgr
234 834 274 879 nr
293 817 412 898 repen‘
479 817 485 828 ‘
511 835 611 881 cursu
631 812 794 879 Anteium
811 813 964 879 stationes
984 810 1057 880 hosl

22 898 117 966 'trum
138 899 295 984 irrumpit,
318 904 426 983 tentap'
527 902 593 966 levi
615 899 726 984 prelio
751 899 803 965 an'
842 900 877 982 '‚
902 920 945 965 ex
964 921 1058 985 aquo

22 978 222 1052 'discessum
267 987 347 1051 Mox
368 989 502 1052 Oaeeina
521 987 605 1052 inter
626 985 808 1065 Hostiliam,
852 987 942 1071 igupn
958 987 1057 1053 Vero·

44 1073 195 1154 nausiam,
218 1079 252 1135 et
265 1074 398 1155 paludes
416 1073 546 1138 Tartari
568 1071 723 1151 fluminis,
746 1073 1055 1158 castrapermnniit3

46 1167 123 1222 tutus
137 1160 223 1238 loco,
238 1163 312 1223 cum
322 1168 369 1222 ter
420 1159 564 1237 flumine,
579 1160 680 1223 latera
689 1154 815 1237 objectu
829 1157 958 1240 paludis

44 1254 164 1310 mutar:
187 1241 320 1327 quodsi
335 1180 477 1310 allisisset
491 1243 655 1323 iidmfant
674 1242 811 1326 opptimi
826 1168 1058 1310 universim

45 1329 245 1395 tellianornm
273 1329 397 1394 viribus
425 1330 679 1483 duffegmes’
706 1327 855 1393 nondum
882 1331 1057 1411 conjuncto

45 1415 170 1480 ldoesieo
185 1415 342 1496 exercitu,
362 1416 461 1500 potue
496 1462 505 1496 ‚
527 1426 584 1480 aut
604 1414 689 1479 retrb
743 1424 791 1494 tae,
813 1414 938 1480 deserti
953 1417 1056 1498 Italici,

44 1509 163 1584 turpem
187 1499 305 1585 sugam
327 1501 568 1566 conscivissent.
613 1499 680 1566 Sed
731 1499 852 1580 acina
867 1520 925 1585 per
948 1502 1056 1568 vanas

44 1605 151 1668 moras,
166 1587 275 1671 prima
288 1587 435 1653 hostibus
450 1585 589 1671 prodidit
604 1596 749 1670 tempora
762 1585 850 1666 belli,
870 1587 961 1670 dum,
974 1607 1056 1673 qnos

43 1672 133 1736 armis
147 1674 273 1756 pellere
286 1683 447 1756 promtum
460 1683 537 1751 eret,
552 1670 693 1756 epistolis
707 1671 859 1754 increpat,
882 1671 986 1739 donec
999 1694 1056 1760 per

43 1759 167 1822 nuutios
182 1768 278 1842 pacta
290 1757 431 1840 perfidia
447 1758 595 1823 firmaret
639 1754 773 1822 Interim
783 1756 933 1840 Aponius
947 1760 1057 1825 suur-

43 1842 135 1907 niuus
160 1863 240 1909 enm
262 1844 387 1928 legione
404 1843 539 1927 septimi
554 1842 740 1907 *claudiane
762 1841 912 1906 advenit:
935 1844 1063 1941 legioni,

46 1928 210 1993 Tribunus
226 1930 401 2012 Vipstanus
423 1928 576 1993 Messalla
589 1938 729 2011 praeeret,
752 1925 847 1992 claris
860 1928 1056 2011 ‘majoribus

44 2015 186 2100 egregius
202 2015 281 2101 ipse,
295 2014 397 2099 etqui
412 2016 501 2080 solus
514 2014 555 2079 ad
570 2012 603 2078 id
625 2015 748 2078 bellum
762 2021 846 2078 artes
860 2013 961 2079 bonas
975 2000 1176 2154 atto-y

44 2099 132 2165 lisset
155 2102 227 2166 Has
239 2101 406 2184 adeopias,
419 2100 625 2185 nequiquam
632 2099 813 2166 Vitellianis
825 2102 1056 2188 pares(quippe

45 2195 101 2249 tres
114 2186 224 2252 mhue
239 2187 382 2272 legiones
396 2187 510 2271 eraut)
524 2185 611 2250 misit
625 2186 773 2269 epistolas
789 2185 927 2268 Caecina,
944 2196 1057 2254 ‘teme-

46 2272 164 2338 ritatem
178 2274 266 2338 victa
282 2291 371 2336 arma
385 2272 598 2337 tractantinm'
620 2271 792 2335 incusans:
813 2273 912 2337 simul
935 2275 1056 2339 ‘virtues

22 2419 24 2424 ,
46 2358 228 2424 Germanici
242 2356 408 2423 exercitiis’
431 2357 580 2422 laudibus
602 2357 823 2440 attollebatur;
847 2357 969 2424 Vitellii
990 2379 1056 2426 moe

22 2463 23 2468 ¹
45 2441 110 2509 dici
121 2455 153 2508 et
161 2444 293 2531 vulgari
307 2443 478 2523 mentione,
493 2443 585 2506 nulli
599 2444 635 2507 in
650 2441 879 2527 Vespasianum
892 2454 1058 2510 coutume-

45 2529 101 2594 lit:
123 2530 207 2596 nihil
222 2547 361 2612 prorsus,
376 2528 464 2612 quod
478 2537 535 2592 eut
545 2538 762 2610 corrumperet
776 2529 911 2609 hostem,
926 2540 982 2596 aut
996 2541 1067 2634 ter5

46 2624 131 2679 reret.
176 2615 410 2681 Flavianarum
423 2613 564 2698 partium
585 2614 704 2691 Duces,
727 2613 845 2678 omissi
866 2613 1058 2703 priorisjor·

46 2710 127 2765 tnuoe
150 2699 346 2780 defensione,
370 2719 428 2783 pro
450 2700 647 2783 Vespasiano
669 2700 851 2785 magnifice,
879 2721 937 2784 pro
957 2703 1057 2767 causi

47 2786 184 2866 fidenter,
199 2786 239 2850 de
252 2786 394 2851 exercitu
410 2785 525 2865 securi,
546 2784 581 2848 in
597 2785 764 2850 Vitellium
778 2795 815 2851 ut
828 2786 962 2870 inimici,
976 2808 1058 2872 prae·

46 2871 203 2954 sumser03
236 2870 321 2937 facti
346 2870 503 2936 Tribunis
526 2870 841 2954 Centurionibusqne
863 2873 1057 2954 ‘retinendi

47 2976 115 3039 qnae
126 2956 570 3039 Vitelliusindnlsisset,’spe:
593 2966 687 3039 atque
697 2957 806 3041 ipsum
816 2958 979 3024 Oaecinam
988 2979 1057 3024 non

47 3044 175 3110 obscure
190 3042 231 3108 ad
247 3042 468 3107 transitionem
481 3043 701 3107 hortabantur.
744 3041 897 3108 Recitata
912 3064 970 3128 pro
982 3064 1058 3110 eon-

48 3127 136 3193 cione
149 3129 287 3212 epistolae
303 3126 452 3192 addidere
466 3127 630 3209 fiduciam,
643 3128 730 3212 qnbd
744 3127 903 3194 submisse
919 3131 1058 3214 Dacius,

48 3216 132 3279 velut
142 3214 304 3279 offendere
316 3213 550 3296 Vespasianum
559 3213 686 3294 timens,
700 3214 846 3298 ipsorum
857 3216 968 3282 Duces
982 3238 1058 3283 cou-

49 3300 175 3379 temtim,
190 3312 344 3383 tanquam
358 3298 549 3364 insultantes
564 3300 704 3376 Vitellio,
718 3299 928 3383 scripsissent.

89 3386 132 3450 X.
153 3385 304 3451 Adventu
319 3383 436 3449 deinde
447 3385 923 3473 duarumlegiounm‚equibns
933 3389 1059 3456 tertiam
1130 3440 1135 3458 ,

51 3467 166 3535 Dillius
180 3471 380 3555 Aponianus,
401 3482 549 3535 octavam
571 3472 741 3538 Numisius
759 3472 873 3556 Lupus
886 3474 1058 3557 ducebant,
1096 3444 1176 3575 ’μθ

21 3565 41 3649 ζ
50 3565 199 3636 osteum
210 3557 305 3635 vires,
319 3566 352 3621 et
365 3556 495 3621 militari
509 3558 596 3622 vallo
608 3557 769 3623 Veronam
783 3558 981 3625 circumdare
991 3512 1095 3643 pla-il

53 3639 123 3705 cuit.
163 3644 261 3707 Forte
273 3641 442 3706 Galbiana
451 3642 571 3732 legioni
582 3643 617 3708 in
630 3643 764 3707 adversa
773 3642 876 3708 fronte
886 3645 966 3708 valli
977 3661 1059 3738 opus

54 3738 189 3810 cesserat,
211 3738 243 3792 et
256 3726 320 3794 visi
334 3729 446 3813 procul
458 3728 621 3877 sociopum
635 3728 767 3813 equites,
787 3746 908 3792 ranam
920 3725 1060 3792 formos
