2392 4050
118 157 186 224 212
458 156 495 222 Ο.
511 157 622 224 Coun.
639 154 803 222 Ticinus

116 339 189 398 tum
201 347 341 413 quoque,
363 329 464 418 magis
477 337 576 415 quum
595 349 714 395 aurum
726 338 914 412 sequuntur,
937 326 1030 394 nulli
1042 323 1119 419 olleo

117 417 206 482 tione
219 414 329 497 enimi,
349 416 406 480 sed
419 417 497 500 quia
510 436 667 481 numerus
681 426 906 502 argenteorum
920 414 1044 478 facilior
1056 426 1117 476 usur

48 559 51 564 .
118 514 167 568 ost
181 499 363 586 promiscua
375 521 415 566 ac
430 502 509 567 vilia
523 500 748 567 mercantibus.

162 587 217 653 Vl.
240 586 289 651 Ne
304 584 425 651 ferrum
436 586 570 671 quidem
590 600 744 671 superest,
767 587 851 649 sicut
865 606 907 650 ex
921 604 1040 672 genere
1058 582 1119 645 telo

118 691 194 744 tum
207 671 379 757 colligitur.
423 672 506 736 Rari
514 671 639 758 gladiis,
654 683 710 737 aut
720 670 892 752 majoribus
903 671 1027 736 lanceis
1042 680 1121 732 utun·

118 772 192 826 tur:
215 758 331 837 hastas,
353 758 406 822 vel
420 757 565 842 ipsorum
581 759 739 822 vocabulo
752 760 913 841 frameas
933 766 1059 841 gerunt
1079 771 1122 815 on·
1175 813 1176 824 ,

119 853 215 934 gusto
230 853 261 907 et
275 842 363 908 brevi
378 842 471 923 forro,
495 843 552 910 sed
577 843 623 908 ita
647 844 722 924 acri,
743 852 775 905 et
796 842 837 905 ud
859 862 957 905 usum
975 840 1122 918 hebili,ut
1175 881 1176 884 ,

120 929 234 996 eodem
248 928 321 1008 telo,
344 939 438 1011 prout
459 930 540 993 ratio
561 928 673 1012 poscit,
695 929 747 992 vel
772 928 920 992 cominus
934 930 988 993 vel
1009 925 1122 990 eminus

119 1017 287 1102 pugnent:
318 1023 350 1076 et
374 1033 472 1098 eques
493 1014 626 1097 quidem
645 1024 738 1078 scuto
759 1012 943 1095 [semeique
968 1021 1122 1077 contentis

120 1113 186 1165 est:
208 1098 328 1182 pedites
342 1108 373 1164 et
395 1098 530 1168 missilia
543 1110 708 1184 spargunt,
730 1101 825 1182 plura
837 1099 969 1184 singuli,
994 1092 1123 1181 atqueiu

120 1185 317 1251 immensum
330 1185 466 1267 vibrant,
480 1184 561 1250 nudi
577 1196 634 1249 aut
647 1188 761 1281 sagulo
776 1186 872 1249 leves.
917 1184 1019 1248 Nulla
1032 1180 1122 1246 cultis

118 1269 265 1354 jactatio:
288 1279 381 1334 scuta
393 1277 517 1335 tuntum
535 1271 717 1336 lectisstmss
736 1270 897 1335 coloribus
915 1268 1123 1355 distinguunt:
1175 1345 1176 1350 ἵ

120 1356 232 1443 paucis
252 1355 379 1420 lorice:
401 1355 459 1420 six
473 1357 531 1420 itui
554 1357 686 1421 alterive
702 1357 811 1437 cassis,
833 1366 889 1420 aut
903 1356 1005 1441 galea
1047 1349 1123 1433 Equi

121 1460 189 1508 uon
215 1439 325 1520 sormi,
347 1459 414 1505 non
438 1442 607 1506 velocitate
630 1442 816 1525 conspicui:
845 1441 904 1523 sed,
926 1459 987 1504 nec
1013 1436 1123 1502 vanno

168 1545 227 1607 ros,
240 1526 275 1591 in
288 1539 410 1590 morem
421 1538 577 1607 nostrum,
592 1526 756 1593 docentur.
800 1527 839 1593 In
855 1537 988 1605 rectum,
1003 1534 1056 1589 aut
1065 1539 1123 1585 uno

145 1632 210 1677 exu
224 1611 353 1676 dextros
372 1621 488 1698 agunt,
504 1612 549 1677 ita
567 1613 742 1694 conjuncto
758 1613 842 1692 orbe,
864 1623 902 1675 nt
919 1630 1016 1675 neruo
1036 1618 1124 1692 poste-

122 1699 189 1770 siot
210 1697 261 1763 sit.
304 1697 345 1761 ln
368 1698 560 1766 universum
583 1698 763 1778 estimanti,
784 1699 858 1780 plus
883 1716 981 1781 penes
999 1693 1123 1778 peditem

122 1783 264 1850 roborisz
276 1783 389 1867 -ebque
403 1783 509 1853 misni¹
522 1783 718 1867 praeliuntur,
741 1784 814 1867 apti
832 1791 864 1846 et
886 1790 1076 1867 congruente
1087 1774 1122 1840 od

122 1878 304 1953 equestrem
317 1888 461 1957 pugnam
475 1869 641 1933 velocitate
655 1869 808 1953 puditum,
830 1887 910 1951 quos
924 1887 966 1932 ex
980 1864 1064 1931 omni
1079 1860 1122 1942 ju·
1175 1909 1176 1946 ,

123 1963 258 2019 uentutc
272 1954 411 2022 delectos
432 1966 505 2020 ante
527 1953 630 2020 aciem
648 1956 765 2019 locant.
809 1952 972 2018 Definitur
985 1960 1016 2016 et
1028 1966 1123 2014 nume·
1175 1949 1176 1994 t

124 2058 201 2113 tus:
224 2044 353 2107 centeni
366 2060 408 2109 ex
429 2041 577 2127 singulis
588 2040 678 2127 pagis
696 2049 793 2105 sunt:
815 2040 912 2122 idque
930 2039 1037 2134 ipsum
1055 2036 1121 2099 inter
1175 2066 1176 2071 1

124 2143 201 2188 suos
215 2136 390 2191 vocantur:
412 2136 444 2190 et
456 2127 544 2210 quod
559 2127 661 2210 primb
678 2144 833 2191 numerus
843 2123 918 2204 fuit,
938 2144 1007 2205 Jam
1020 2135 1121 2186 nonen

21 2196 22 2219 ¹
124 2218 157 2273 et
183 2210 285 2275 bonor
309 2221 366 2275 est.
416 2212 511 2276 Acies
536 2231 591 2294 per
617 2231 737 2276 cuneos
762 2211 976 2295 componitur.
1019 2205 1121 2298 Cedere

124 2294 401 2376 loco,du1nmodo
425 2314 537 2361 rursus
562 2296 670 2378 instes,
692 2296 819 2361 consilii
845 2296 944 2379 quim
959 2291 1121 2361 formidinis

127 2381 331 2447 arbitrantur.
375 2383 518 2466 Corpora
531 2402 666 2448 suorum
679 2382 777 2447 etiarn
791 2381 825 2446 iu
841 2381 947 2446 dubiis
961 2380 1074 2465 preliis
1084 2391 1122 2440 re·

125 2466 242 2533 ferunt.
286 2468 424 2534 Scutum
446 2467 622 2552 reliquisse,
648 2471 850 2552 precipuum
874 2468 1050 2553 flagitium:
1072 2476 1121 2526 nco
1175 2486 1176 2541 3

126 2562 183 2622 aut
202 2552 301 2618 sacris
318 2553 438 2635 adesse,
462 2564 518 2621 aut
536 2555 712 2618 concilium
730 2554 820 2634 inire,
843 2552 1056 2637 ignominioso
1069 2546 1122 2610 fu:
1175 2590 1176 2607 t

126 2640 285 2721 multique
297 2639 480 2723 superstites
494 2640 653 2705 bellorum
668 2638 834 2704 infamiam
848 2640 964 2721 laqueo
978 2637 1122 2703 finierunt

169 2722 241 2787 Vll.
263 2722 369 2809 Reges
391 2744 433 2789 ex
455 2724 638 2807 nobilitate3
662 2725 771 2789 Duces
793 2744 835 2790 ex
855 2724 975 2788 virtute
997 2724 1122 2786 sumunt

126 2806 196 2874 Neo
209 2807 352 2892 Regibus
363 2809 489 2873 infinito
502 2823 558 2873 aut
573 2810 675 2875 libers
688 2820 825 2893 potestas
838 2832 846 2874 z
867 2820 899 2873 et
914 2810 1023 2874 Duces
1033 2821 1123 2870 exem

125 2894 181 2980 plo
196 2893 307 2980 potius,
322 2895 420 2979 quim
434 2894 586 2978 imperio:
610 2894 637 2960 si
651 2898 777 2978 promti,
793 2896 820 2959 si
835 2894 1010 2977 conspicui,
1023 2892 1049 2958 si
1061 2896 1121 2952 aute

127 2979 231 3051 aciem
245 2991 350 3068 agant,
366 2980 577 3045 admiratione
590 2991 741 3066 presunt.
785 2981 941 3059 Ceterum,
955 2998 1056 3063 neque
1068 2969 1122 3037 aui·

126 3066 331 3148 madverterc,
347 3086 452 3152 neque
466 3065 598 3149 vincire,
619 3067 784 3130 verberare
798 3065 941 3149 quidem,
953 3065 1016 3130 nisi
1030 3065 1121 3152 Scott-

126 3149 255 3216 dotibus
279 3153 489 3236 permissum
512 3171 579 3217 non
605 3152 697 3235 qussi
724 3152 757 3217 in
784 3170 923 3235 poenam,
952 3170 1012 3216 nec
1035 3148 1122 3213 uuus

124 3231 229 3317 jussu,
250 3238 307 3302 sed
318 3240 408 3303 velut
423 3240 492 3304 Deo
507 3237 691 3323 imperante,
713 3257 811 3321 quem
825 3236 934 3300 adesse
948 3231 1121 3322 bellantibus

127 3320 282 3386 credunt:
304 3321 487 3408 effigiesque
504 3335 537 3387 et
557 3323 650 3409 signa
663 3323 819 3406 quaedam,
840 3321 981 3386 detracta
995 3318 1079 3395 lucis,
1093 3328 1120 3406 111

126 3404 276 3487 praelium
289 3405 405 3470 ferunt.
450 3407 615 3490 Quodque
634 3408 832 3491 praecipuum
854 3405 1046 3472 fortitudinis
1058 3402 1121 3464 inct-

127 3495 305 3552 tomentum
319 3498 374 3568 est,
397 3509 462 3553 non
487 3509 591 3571 casus,
614 3512 675 3555 nec
701 3492 831 3556 fortuita
853 3491 1052 3577 conglobatio
1071 3496 1121 3548 tur·

126 3580 285 3666 moment
305 3589 447 3667 cuneum
459 3573 544 3654 facit,
566 3576 621 3639 sed
639 3576 768 3642 familiae
784 3587 814 3639 et
829 3578 1082 3660 propinquitates,
1097 3573 1122 3659 ‘2¹

122 3669 164 3726 in
184 3672 330 3736 proximo
351 3674 495 3745 pignora,
517 3658 606 3724 uude
630 3659 837 3728 feminarum
854 3661 1002 3727 ululatus
1025 3653 1120 3727 auditi,
