2392 4050
60 203 93 267 h
107 205 213 295 O.69.]
321 205 473 269 Hrssoa.
487 205 567 270 Lm.
583 203 784 270 Sucuunus.
1018 208 1062 273 69

17 389 18 450 ξ
60 385 255 441 maturatum:
278 377 454 441 ambitiosis
469 376 502 442 id
516 377 665 461 precibus
678 377 820 462 petierat,
846 382 907 442 ‘ne
921 389 1063 461 amputa-

17 465 18 520 }
59 473 132 524 retur
145 473 250 546 caput,
266 462 406 527 ludibrio
421 464 584 529 futurum?
628 464 752 529 Tulere
772 483 889 546 corpus
904 463 1062 527 Praetoria

17 549 18 618 ᾗ
59 548 197 628 cohortes,
220 568 299 612 cum
321 549 471 612 laudibus
496 560 529 612 et
552 549 715 631 lacrymis,
738 552 860 614 vulnus
882 565 1062 631 manusque

17 645 18 704 j
59 630 116 710 ejus
129 635 360 707 exosculantes.
403 633 551 704 Quidam
565 635 705 698 militum
723 634 818 714 juxta
831 654 949 721 rogum
967 635 1064 698 inter·

17 749 18 796 3
58 715 147 781 iecere
161 740 212 801 se;
235 720 430 815 nonnosi,
447 720 760 815 neanbmetum,
783 719 840 783 sed
862 717 1064 786 emulatione

17 825 18 840 2
58 801 165 867 decoris
179 814 211 867 et
225 813 356 869 caritate
381 804 560 889 Principis:
582 825 621 869 ac
635 815 744 890 postea
757 805 939 889 promiscuis
953 804 1064 870 Bedri-

17 903 18 954 l
57 889 106 968 aci,
120 889 300 969 Placentia,
322 891 457 973 aliisque
481 890 516 953 in
540 891 662 970 eastris,
686 892 881 956 celebratum
903 891 936 954 id
958 909 1063 977 genus

56 975 163 1039 mortis.
207 976 329 1040 Othoni
344 978 531 1060 sepulcrum
551 987 753 1044 exstructum
772 986 821 1041 est
842 977 1007 1042 modicum
1031 986 1063 1042 et
1180 1049 1181 1072 χ

17 1097 18 1118 r
57 1078 243 1125 mansurum.

17 1153 18 1216 ζ
89 1146 123 1210 L.
145 1148 245 1212 Hunc
262 1146 336 1209 vitae
350 1146 451 1211 finem
464 1146 577 1210 habuit
591 1146 727 1231 septime
741 1157 774 1212 et
787 1145 948 1216 tricesimo
962 1147 1065 1212 atatis

17 1283 18 1288 ,
55 1249 153 1296 anno,
182 1232 283 1319 Origo
297 1231 378 1295 illie
398 1231 575 1314 municipio
600 1233 784 1297 Ferentino.
827 1233 921 1298 Pater
938 1234 1064 1298 Consu·

17 1313 18 1342 ¹
54 1315 138 1381 laris:
158 1338 240 1382 avus
261 1317 451 1384 Pretorius:
474 1328 655 1382 maternum
675 1338 779 1402 genus
802 1318 917 1401 impar,
940 1338 1001 1382 nec
1016 1328 1062 1383 ta·

49 1403 329 1469 'menindecorum
373 1403 515 1468 Pueritii
527 1423 564 1467 ac
576 1404 722 1485 juventi,
733 1403 864 1485 qualem
874 1403 1064 1469 monstravi·

53 1505 135 1569 rous;
170 1489 297 1553 duobus
319 1488 526 1569 facinoribus,
556 1490 656 1553 altero
681 1488 938 1575 flagitiosissimo,
962 1491 1064 1554 altero

53 1573 179 1657 egregio,
201 1573 393 1638 tantundem
416 1576 502 1660 apud
515 1625 516 1628 ,
530 1586 673 1659 posteros
701 1576 818 1639 meruit
842 1576 933 1639 bona
959 1573 1062 1656 famae,
1178 1589 1181 1604 ¹

53 1672 201 1737 quantum
215 1661 318 1723 male.
361 1661 406 1724 Ut
421 1662 609 1744 conquirere
632 1660 786 1740 fabulosa,
810 1671 842 1723 et
860 1659 944 1724 fictis
959 1661 1063 1724 oblec-

52 1752 110 1807 tare
125 1743 301 1831 legentium
316 1745 450 1825 animos,
466 1747 584 1828 procul
596 1745 753 1830 gravitate
769 1744 864 1828 empti
877 1744 982 1828 operis
996 1710 1100 1809 cre-'i

53 1825 196 1913 diderim3
219 1832 264 1894 itu
276 1832 414 1917 vulgatis
423 1831 611 1914 traditisque
622 1830 749 1895 demere
760 1830 858 1894 fidem
868 1848 935 1894 non
948 1830 1062 1895 ausim.

53 1913 134 1994 ‘Die,
147 1936 212 1999 quo
223 1916 370 1981 Bedriaci
382 1918 571 1998 certabatur,
583 1937 624 1980 av
690 1915 696 1927 ’
724 1914 966 1998 visitatsspecie
975 1915 1063 1997 apud

53 1995 182 2087 Regium
202 2001 364 2085 Lepidum
380 2002 496 2068 celebri
512 2004 583 2068 loco
598 2020 659 2066 con
718 2002 798 2082 isse,'
813 2001 928 2065 incole
943 2020 1062 2065 memo-

49 2097 125 2165 rant,
140 2096 216 2153 ‘nee
232 2087 348 2152 deinde
363 2100 448 2152 coetu
468 2088 649 2168 hominurn,
664 2099 720 2152 aut
734 2086 1063 2152 circumvolitantium

53 2171 165 2251 alitum,
179 2172 322 2238 territam
334 2176 510 2256 pulsamve,
520 2175 623 2238 donec
633 2174 720 2238 Otho
731 2194 765 2237 se
775 2172 844 2258 ipse
856 2173 1061 2238 interficeret:

53 2264 114 2321 tum
128 2260 266 2322 ablatam
279 2278 320 2322 ex
334 2258 456 2324 oculis:
479 2270 511 2322 et
525 2270 668 2343 tempora
685 2259 916 2345 reputantibus,
929 2257 1061 2324 initium
1098 2266 1109 2315 '-

53 2338 203 2426 finemque
218 2344 367 2409 miraculi
382 2364 459 2410 cum
473 2344 613 2409 Othonis
624 2345 714 2409 exitu
731 2343 955 2427 ‘competisse’

88 2427 140 2492 LI.
164 2430 203 2494 ln
217 2429 331 2494 funere
351 2429 430 2512 ejus,
445 2442 566 2512 novate
578 2431 671 2494 luctu
686 2450 724 2494 ae
739 2431 846 2494 dolore
861 2428 1002 2494 militum
1016 2449 1063 2493 se-

52 2509 135 2577 ditio:
150 2534 211 2578 nee
222 2526 298 2594 erat,
308 2517 365 2598 qui
376 2519 543 2583 coerceret.
587 2516 639 2582 Ad
651 2515 840 2601 Verginium
851 2515 945 2595 versi,
956 2514 1062 2596 modb,

53 2603 101 2660 ‘ut
119 2600 271 2684 reciperet
285 2601 479 2684 imperium>
493 2620 592 2678 nunc,
609 2608 662 2664 ‘ut
675 2601 833 2686 legatione
852 2599 940 2683 apud
961 2600 1064 2664 Ooeci-

53 2698 120 2748 uam
140 2706 177 2750 ac
191 2686 362 2750 Valentem
375 2685 582 2770 fungeretur,’
596 2686 781 2751 minitantes
801 2688 941 2751 orabant.
985 2686 1061 2750 Ver-

52 2766 159 2852 ginius,
173 2791 230 2853 per
250 2791 394 2836 aversam
415 2772 526 2840 domes
549 2782 671 2874 papam
693 2771 807 2837 furtim
827 2771 1006 2855 degressus,
1021 2772 1062 2836 ir-

53 2867 224 2938 rumpentes
245 2855 415 2923 frustratus
429 2869 486 2922 cst.
530 2858 665 2937 Earum,
680 2878 752 2940 qua
767 2857 901 2922 Brixelli
921 2868 1064 2943 egerant,

54 2938 224 3007 cohortium
238 2961 348 3025 preces
361 2942 504 3008 Rubrius
520 2945 638 3009 Gallus
652 2944 735 3008 tulit.
780 2942 826 3006 Et
839 2941 938 3011 venis
955 2943 1063 3008 statim

53 3020 218 3107 impetrata,
233 3046 271 3091 oo
296 3027 483 3093 cedentibus
498 3029 539 3093 ad
552 3014 959 3125 victoremglffehli‘lavium
972 3028 1064 3093 Sabi-

53 3124 132 3191 num,
147 3112 186 3176 iis
198 3133 236 3177 eo
274 3112 308 3193 's,
323 3113 441 3195 quibus
458 3114 691 3196 praefueras-21«
737 3121 766 3128 “’

89 3194 156 3262 LII.
179 3199 286 3262 Posito
308 3199 428 3280 ubique
449 3201 543 3280 bello,
567 3219 687 3285 magna
710 3219 782 3281 pars
802 3197 939 3264 Senatus
960 3209 1064 3264 extre-

54 3292 135 3346 mum
145 3284 318 3349 discrimen
332 3285 419 3364 adiit,
435 3285 575 3368 prosecta
589 3304 665 3351 cum
681 3285 810 3350 Othone
830 3283 870 3347 ab
884 3286 973 3365 urbe,
986 3285 1063 3351 dein

55 3361 178 3432 Mutinae
201 3369 322 3433 relicta.
365 3371 450 3435 Illuc
478 3370 615 3439 adversa
637 3371 676 3436 de
697 3370 808 3455 prelio
831 3369 983 3453 allatum:
1005 3370 1063 3436 sed

54 3449 168 3534 milites,
181 3464 219 3518 ut
233 3454 352 3518 falsum
366 3474 530 3520 rumorem
552 3467 767 3540 aspernantes,
789 3454 876 3540 qubd
898 3454 1064 3524 infensum

17 3558 18 3561 ¹
57 3533 166 3603 Othoni
188 3540 345 3606 Senatum
401 3541 462 3604 bitr
483 3542 609 3622 bantur,
632 3540 790 3606 custodire
805 3560 976 3622 sermones,
991 3542 1064 3604 vul-

55 3627 116 3687 tum
129 3624 335 3709 habitumque
349 3561 483 3692 &troii
499 3627 532 3689 in
546 3626 703 3692 deterius:
725 3626 881 3692 conviciis
895 3624 1065 3719 ‘postremb

56 3711 215 3792 eepmbris
227 3731 361 3780 eausam
370 3722 402 3779 et
410 3711 541 3778 initium
554 3711 652 3779 cedis
665 3710 870 3795 querebant:
892 3707 1067 3774 cumanus
1104 3754 1108 3765 f
