<?xml version="1.0" encoding="UTF-8"?>
<!DOCTYPE html PUBLIC "-//W3C//DTD XHTML 1.0 Transitional//EN"
    "http://www.w3.org/TR/xhtml1/DTD/xhtml1-transitional.dtd">
<html xmlns="http://www.w3.org/1999/xhtml" xml:lang="en" lang="en">
 <head>
  <title>
</title>
<meta http-equiv="Content-Type" content="text/html;charset=utf-8" />
  <meta name='ocr-system' content='tesseract 3.04.00' />
  <meta name='ocr-capabilities' content='ocr_page ocr_carea ocr_par ocr_line ocrx_word'/>
</head>
<body>
  <div class='ocr_page' id='page_1' title='image "./ccorneliitaciti37tacigoog_0193.png"; bbox 0 0 2392 4050; ppageno 0'>
   <div class='ocr_carea' id='block_1_1' title="bbox 119 156 1125 250">
    <p class='ocr_par' dir='ltr' id='par_1_1' title="bbox 119 156 1125 250">
     <span class='ocr_line' id='line_1_1' title="bbox 119 156 1125 250; baseline 0.002 -27"><span class='ocrx_word' id='word_1_1' title='bbox 119 156 163 223; x_wconf 79' lang='lat' dir='ltr'><strong>st</strong></span> <span class='ocrx_word' id='word_1_2' title='bbox 464 161 501 227; x_wconf 80' lang='lat'><strong>0.</strong></span> <span class='ocrx_word' id='word_1_3' title='bbox 517 160 629 226; x_wconf 78' lang='lat' dir='ltr'><strong>Coss.</strong></span> <span class='ocrx_word' id='word_1_4' title='bbox 644 159 781 227; x_wconf 79' lang='lat' dir='ltr'><strong>Tscrrr</strong></span> <span class='ocrx_word' id='word_1_5' title='bbox 945 161 995 250; x_wconf 77' lang='lat' dir='ltr'><strong>[A.</strong></span> <span class='ocrx_word' id='word_1_6' title='bbox 1008 161 1047 226; x_wconf 87' lang='lat' dir='ltr'><strong>U.</strong></span> <span class='ocrx_word' id='word_1_7' title='bbox 1061 159 1125 226; x_wconf 80' lang='lat'><strong>822.</strong></span> 
     </span>
    </p>
   </div>
   <div class='ocr_carea' id='block_1_2' title="bbox 28 328 1172 3755">
    <p class='ocr_par' dir='ltr' id='par_1_2' title="bbox 117 328 1172 589">
     <span class='ocr_line' id='line_1_2' title="bbox 118 328 1172 418; baseline 0.002 -24"><span class='ocrx_word' id='word_1_8' title='bbox 118 328 316 413; x_wconf 71' lang='lat' dir='ltr'><strong>Vespasiano</strong></span> <span class='ocrx_word' id='word_1_9' title='bbox 330 348 427 412; x_wconf 87' lang='lat' dir='ltr'><strong>mare,</strong></span> <span class='ocrx_word' id='word_1_10' title='bbox 443 333 571 415; x_wconf 87' lang='lat' dir='ltr'><strong>classes,</strong></span> <span class='ocrx_word' id='word_1_11' title='bbox 593 332 701 398; x_wconf 77' lang='lat' dir='ltr'><strong>studia</strong></span> <span class='ocrx_word' id='word_1_12' title='bbox 721 331 973 418; x_wconf 84' lang='lat' dir='ltr'><strong>provinciarum,</strong></span> <span class='ocrx_word' id='word_1_13' title='bbox 992 353 1045 418; x_wconf 88' lang='lat' dir='ltr'><strong>per</strong></span> <span class='ocrx_word' id='word_1_14' title='bbox 1057 352 1127 418; x_wconf 81' lang='lat' dir='ltr'><strong>quos</strong></span> <span class='ocrx_word' id='word_1_15' title='bbox 1171 376 1172 381; x_wconf 18' lang='grc' dir='ltr'><strong>κ</strong></span> 
     </span>
     <span class='ocr_line' id='line_1_3' title="bbox 118 417 1125 485; baseline 0.002 -5"><span class='ocrx_word' id='word_1_16' title='bbox 118 417 209 481; x_wconf 87' lang='lat' dir='ltr'><strong>velut</strong></span> <span class='ocrx_word' id='word_1_17' title='bbox 222 417 355 482; x_wconf 79' lang='lat' dir='ltr'><strong>ulterius</strong></span> <span class='ocrx_word' id='word_1_18' title='bbox 367 418 443 482; x_wconf 89' lang='lat' dir='ltr'><strong>belli</strong></span> <span class='ocrx_word' id='word_1_19' title='bbox 461 419 581 484; x_wconf 89' lang='lat' dir='ltr'><strong>molem</strong></span> <span class='ocrx_word' id='word_1_20' title='bbox 595 419 702 483; x_wconf 78' lang='lat' dir='ltr'><strong>cieret.</strong></span> <span class='ocrx_word' id='word_1_21' title='bbox 746 417 796 483; x_wconf 88' lang='lat' dir='ltr'><strong>Ita</strong></span> <span class='ocrx_word' id='word_1_22' title='bbox 809 419 931 484; x_wconf 82' lang='lat' dir='ltr'>salubri</span> <span class='ocrx_word' id='word_1_23' title='bbox 941 421 1125 485; x_wconf 77' lang='lat' dir='ltr'><strong>morinovas</strong></span> 
     </span>
     <span class='ocr_line' id='line_1_4' title="bbox 117 501 894 589; baseline 0.003 -23"><span class='ocrx_word' id='word_1_24' title='bbox 117 501 204 566; x_wconf 75' lang='lat' dir='ltr'><strong>vires</strong></span> <span class='ocrx_word' id='word_1_25' title='bbox 218 503 326 583; x_wconf 79' lang='lat' dir='ltr'><strong>adore,</strong></span> <span class='ocrx_word' id='word_1_26' title='bbox 339 513 370 568; x_wconf 89' lang='lat' dir='ltr'><strong>et</strong></span> <span class='ocrx_word' id='word_1_27' title='bbox 383 504 594 587; x_wconf 90' lang='lat' dir='ltr'><strong>praesentibus</strong></span> <span class='ocrx_word' id='word_1_28' title='bbox 608 503 693 569; x_wconf 85' lang='lat' dir='ltr'>nihil</span> <span class='ocrx_word' id='word_1_29' title='bbox 707 505 894 589; x_wconf 87' lang='lat' dir='ltr'><strong>periturum.</strong></span> 
     </span>
    </p>

    <p class='ocr_par' dir='ltr' id='par_1_3' title="bbox 117 587 1129 1016">
     <span class='ocr_line' id='line_1_5' title="bbox 162 587 1127 676; baseline -0.001 -24"><span class='ocrx_word' id='word_1_30' title='bbox 162 587 204 652; x_wconf 89' lang='lat' dir='ltr'><strong>IL</strong></span> <span class='ocrx_word' id='word_1_31' title='bbox 227 587 281 653; x_wconf 84' lang='lat' dir='ltr'><strong>Ad</strong></span> <span class='ocrx_word' id='word_1_32' title='bbox 296 609 334 654; x_wconf 87' lang='lat' dir='ltr'><strong>es</strong></span> <span class='ocrx_word' id='word_1_33' title='bbox 348 589 512 654; x_wconf 89' lang='lat' dir='ltr'><strong>Antonius</strong></span> <span class='ocrx_word' id='word_1_34' title='bbox 526 589 658 654; x_wconf 80' lang='lat' dir='ltr'><strong>Primus</strong></span> <span class='ocrx_word' id='word_1_35' title='bbox 673 589 715 676; x_wconf 86' lang='lat' dir='ltr'><strong>(is</strong></span> <span class='ocrx_word' id='word_1_36' title='bbox 725 589 902 674; x_wconf 79' lang='lat' dir='ltr'><strong>acerrimus</strong></span> <span class='ocrx_word' id='word_1_37' title='bbox 916 590 993 655; x_wconf 89' lang='lat' dir='ltr'><strong>belli</strong></span> <span class='ocrx_word' id='word_1_38' title='bbox 1004 588 1127 655; x_wconf 85' lang='lat' dir='ltr'><strong>concita-</strong></span> 
     </span>
     <span class='ocr_line' id='line_1_6' title="bbox 118 666 1129 826; baseline 0.002 -90"><span class='ocrx_word' id='word_1_39' title='bbox 118 673 183 761; x_wconf 90' lang='lat' dir='ltr'><strong>tor)</strong></span> <span class='ocrx_word' id='word_1_40' title='bbox 200 670 548 826; x_wconf 54' lang='lat' dir='ltr'><strong>‘fastinnfflpsis</strong></span> <span class='ocrx_word' id='word_1_41' title='bbox 564 676 688 755; x_wconf 90' lang='lat' dir='ltr'><strong>utilem,</strong></span> <span class='ocrx_word' id='word_1_42' title='bbox 704 674 833 739; x_wconf 82' lang='lat' dir='ltr'><strong>Vitellio</strong></span> <span class='ocrx_word' id='word_1_43' title='bbox 846 666 1034 756; x_wconf 62' lang='lat' dir='ltr'><strong>misissem:</strong></span> <span class='ocrx_word' id='word_1_44' title='bbox 1048 676 1129 739; x_wconf 83' lang='lat' dir='ltr'><strong>disse</strong></span> 
     </span>
     <span class='ocr_line' id='line_1_7' title="bbox 118 757 1127 844; baseline -0.002 -19"><span class='ocrx_word' id='word_1_45' title='bbox 118 757 201 841; x_wconf 82' lang='lat' dir='ltr'><strong>ruit3</strong></span> <span class='ocrx_word' id='word_1_46' title='bbox 224 760 317 843; x_wconf 85' lang='lat' dir='ltr'><strong>‘plns</strong></span> <span class='ocrx_word' id='word_1_47' title='bbox 366 778 421 825; x_wconf 88' lang='lat' dir='ltr'><strong>eor</strong></span> <span class='ocrx_word' id='word_1_48' title='bbox 446 780 455 823; x_wconf 90' lang='lat' dir='ltr'><strong>r</strong></span> <span class='ocrx_word' id='word_1_49' title='bbox 487 760 604 844; x_wconf 73' lang='lat' dir='ltr'><strong>‚quim</strong></span> <span class='ocrx_word' id='word_1_50' title='bbox 615 759 755 840; x_wconf 80' lang='lat' dir='ltr'><strong>fiduoiae,</strong></span> <span class='ocrx_word' id='word_1_51' title='bbox 768 761 941 826; x_wconf 82' lang='lat' dir='ltr'><strong>accessisse</strong></span> <span class='ocrx_word' id='word_1_52' title='bbox 950 762 1127 826; x_wconf 87' lang='lat' dir='ltr'><strong>victoribus:</strong></span> 
     </span>
     <span class='ocr_line' id='line_1_8' title="bbox 117 845 1129 930; baseline -0.003 -21"><span class='ocrx_word' id='word_1_53' title='bbox 117 861 142 909; x_wconf 92' lang='lat' dir='ltr'><strong>n</strong></span> <span class='ocrx_word' id='word_1_54' title='bbox 182 862 223 908; x_wconf 90' lang='lat' dir='ltr'><strong>ue</strong></span> <span class='ocrx_word' id='word_1_55' title='bbox 244 846 332 910; x_wconf 90' lang='lat' dir='ltr'><strong>enim</strong></span> <span class='ocrx_word' id='word_1_56' title='bbox 355 845 390 909; x_wconf 93' lang='lat' dir='ltr'><strong>in</strong></span> <span class='ocrx_word' id='word_1_57' title='bbox 413 845 585 930; x_wconf 82' lang='lat' dir='ltr'><strong>procinctu</strong></span> <span class='ocrx_word' id='word_1_58' title='bbox 608 858 640 911; x_wconf 85' lang='lat' dir='ltr'><strong>et</strong></span> <span class='ocrx_word' id='word_1_59' title='bbox 664 847 777 911; x_wconf 82' lang='lat' dir='ltr'><strong>eastris</strong></span> <span class='ocrx_word' id='word_1_60' title='bbox 792 846 935 911; x_wconf 90' lang='lat' dir='ltr'><strong>hubitos:</strong></span> <span class='ocrx_word' id='word_1_61' title='bbox 957 865 1015 930; x_wconf 91' lang='lat' dir='ltr'><strong>per</strong></span> <span class='ocrx_word' id='word_1_62' title='bbox 1033 845 1129 911; x_wconf 84' lang='lat' dir='ltr'><strong>omnio</strong></span> 
     </span>
     <span class='ocr_line' id='line_1_9' title="bbox 118 928 1127 1016; baseline 0 -22"><span class='ocrx_word' id='word_1_63' title='bbox 118 929 169 994; x_wconf 84' lang='lat' dir='ltr'><strong>Ita</strong></span> <span class='ocrx_word' id='word_1_64' title='bbox 182 928 220 992; x_wconf 90' lang='lat' dir='ltr'><strong>iae</strong></span> <span class='ocrx_word' id='word_1_65' title='bbox 236 929 417 1013; x_wconf 87' lang='lat' dir='ltr'><strong>municipia</strong></span> <span class='ocrx_word' id='word_1_66' title='bbox 436 930 571 1013; x_wconf 87' lang='lat' dir='ltr'><strong>desides,</strong></span> <span class='ocrx_word' id='word_1_67' title='bbox 593 937 717 998; x_wconf 75' lang='lat' dir='ltr'><strong>tautum</strong></span> <span class='ocrx_word' id='word_1_68' title='bbox 735 930 915 1016; x_wconf 79' lang='lat' dir='ltr'>hospitibus</span> <span class='ocrx_word' id='word_1_69' title='bbox 934 932 1127 997; x_wconf 86' lang='lat' dir='ltr'><strong>metuendos:</strong></span> 
     </span>
    </p>

    <p class='ocr_par' dir='ltr' id='par_1_4' title="bbox 28 1015 1171 2215">
     <span class='ocr_line' id='line_1_10' title="bbox 28 1015 1129 1103; baseline 0 -24"><span class='ocrx_word' id='word_1_70' title='bbox 28 1058 30 1065; x_wconf 61' lang='lat'>›</span> <span class='ocrx_word' id='word_1_71' title='bbox 118 1015 239 1098; x_wconf 89' lang='lat' dir='ltr'><strong>quantb</strong></span> <span class='ocrx_word' id='word_1_72' title='bbox 260 1015 396 1080; x_wconf 79' lang='lat' dir='ltr'><strong>ferocius</strong></span> <span class='ocrx_word' id='word_1_73' title='bbox 418 1018 493 1082; x_wconf 75' lang='lat' dir='ltr'><strong>unte</strong></span> <span class='ocrx_word' id='word_1_74' title='bbox 508 1037 543 1083; x_wconf 87' lang='lat' dir='ltr'><strong>se</strong></span> <span class='ocrx_word' id='word_1_75' title='bbox 564 1018 697 1103; x_wconf 79' lang='lat' dir='ltr'><strong>egerint,</strong></span> <span class='ocrx_word' id='word_1_76' title='bbox 719 1016 808 1083; x_wconf 81' lang='lat' dir='ltr'><strong>tautd</strong></span> <span class='ocrx_word' id='word_1_77' title='bbox 829 1016 977 1100; x_wconf 83' lang='lat' dir='ltr'><strong>cupidius</strong></span> <span class='ocrx_word' id='word_1_78' title='bbox 999 1017 1129 1082; x_wconf 91' lang='lat' dir='ltr'><strong>insolitas</strong></span> 
     </span>
     <span class='ocr_line' id='line_1_11' title="bbox 117 1100 1129 1185; baseline 0 -22"><span class='ocrx_word' id='word_1_79' title='bbox 117 1100 299 1183; x_wconf 74' lang='lat' dir='ltr'><strong>voluptates</strong></span> <span class='ocrx_word' id='word_1_80' title='bbox 314 1101 471 1167; x_wconf 75' lang='lat' dir='ltr'><strong>hausisse.</strong></span> <span class='ocrx_word' id='word_1_81' title='bbox 515 1102 613 1167; x_wconf 78' lang='lat' dir='ltr'><strong>Oiroo</strong></span> <span class='ocrx_word' id='word_1_82' title='bbox 627 1122 757 1185; x_wconf 91' lang='lat' dir='ltr'><strong>quoque</strong></span> <span class='ocrx_word' id='word_1_83' title='bbox 771 1123 809 1166; x_wconf 84' lang='lat' dir='ltr'><strong>se</strong></span> <span class='ocrx_word' id='word_1_84' title='bbox 821 1102 954 1166; x_wconf 73' lang='lat' dir='ltr'><strong>theatris</strong></span> <span class='ocrx_word' id='word_1_85' title='bbox 968 1114 999 1167; x_wconf 89' lang='lat' dir='ltr'><strong>et</strong></span> <span class='ocrx_word' id='word_1_86' title='bbox 1011 1101 1129 1168; x_wconf 77' lang='lat' dir='ltr'><strong>amreni·</strong></span> 
     </span>
     <span class='ocr_line' id='line_1_12' title="bbox 118 1186 1129 1270; baseline 0.002 -22"><span class='ocrx_word' id='word_1_87' title='bbox 118 1194 183 1250; x_wconf 82' lang='lat' dir='ltr'><strong>tote</strong></span> <span class='ocrx_word' id='word_1_88' title='bbox 198 1186 286 1253; x_wconf 91' lang='lat' dir='ltr'><strong>urbis</strong></span> <span class='ocrx_word' id='word_1_89' title='bbox 297 1187 465 1268; x_wconf 89' lang='lat' dir='ltr'><strong>emollitos,</strong></span> <span class='ocrx_word' id='word_1_90' title='bbox 477 1198 534 1253; x_wconf 80' lang='lat' dir='ltr'><strong>aut</strong></span> <span class='ocrx_word' id='word_1_91' title='bbox 543 1187 786 1253; x_wconf 88' lang='lat' dir='ltr'><strong>valetudinibus</strong></span> <span class='ocrx_word' id='word_1_92' title='bbox 797 1186 905 1252; x_wconf 87' lang='lat' dir='ltr'><strong>fessos.</strong></span> <span class='ocrx_word' id='word_1_93' title='bbox 949 1188 1026 1270; x_wconf 82' lang='lat' dir='ltr'><strong>Sed,</strong></span> <span class='ocrx_word' id='word_1_94' title='bbox 1037 1187 1129 1252; x_wconf 90' lang='lat' dir='ltr'><strong>addito</strong></span> 
     </span>
     <span class='ocr_line' id='line_1_13' title="bbox 118 1269 1171 1355; baseline 0.009 -22"><span class='ocrx_word' id='word_1_95' title='bbox 118 1269 230 1354; x_wconf 88' lang='lat' dir='ltr'><strong>spatio,</strong></span> <span class='ocrx_word' id='word_1_96' title='bbox 246 1270 426 1338; x_wconf 89' lang='lat' dir='ltr'><strong>rediturum</strong></span> <span class='ocrx_word' id='word_1_97' title='bbox 439 1284 471 1337; x_wconf 95' lang='lat' dir='ltr'><strong>et</strong></span> <span class='ocrx_word' id='word_1_98' title='bbox 481 1273 533 1337; x_wconf 90' lang='lat' dir='ltr'><strong>his</strong></span> <span class='ocrx_word' id='word_1_99' title='bbox 547 1274 646 1338; x_wconf 87' lang='lat' dir='ltr'><strong>robur</strong></span> <span class='ocrx_word' id='word_1_100' title='bbox 658 1271 865 1338; x_wconf 75' lang='lat' dir='ltr'><strong>meditatione</strong></span> <span class='ocrx_word' id='word_1_101' title='bbox 875 1273 975 1338; x_wconf 88' lang='lat' dir='ltr'><strong>belli:</strong></span> <span class='ocrx_word' id='word_1_102' title='bbox 997 1294 1060 1340; x_wconf 88' lang='lat' dir='ltr'><strong>nee</strong></span> <span class='ocrx_word' id='word_1_103' title='bbox 1070 1292 1130 1355; x_wconf 92' lang='lat' dir='ltr'><strong>pro·</strong></span> <span class='ocrx_word' id='word_1_104' title='bbox 1167 1314 1171 1343; x_wconf 87' lang='lat' dir='ltr'><strong>l</strong></span> 
     </span>
     <span class='ocr_line' id='line_1_14' title="bbox 119 1346 1170 1455; baseline -0.001 -34"><span class='ocrx_word' id='word_1_105' title='bbox 119 1357 172 1421; x_wconf 80' lang='lat' dir='ltr'><strong>cul</strong></span> <span class='ocrx_word' id='word_1_106' title='bbox 199 1358 418 1440; x_wconf 82' lang='lat' dir='ltr'><strong>Germaniam,</strong></span> <span class='ocrx_word' id='word_1_107' title='bbox 444 1357 533 1423; x_wconf 89' lang='lat' dir='ltr'><strong>unde</strong></span> <span class='ocrx_word' id='word_1_108' title='bbox 556 1359 661 1424; x_wconf 88' lang='lat' dir='ltr'><strong>vires:</strong></span> <span class='ocrx_word' id='word_1_109' title='bbox 684 1359 887 1425; x_wconf 90' lang='lat' dir='ltr'><strong>Britanniam</strong></span> <span class='ocrx_word' id='word_1_110' title='bbox 911 1358 991 1425; x_wconf 86' lang='lat' dir='ltr'><strong>freto</strong></span> <span class='ocrx_word' id='word_1_111' title='bbox 1018 1357 1130 1424; x_wconf 87' lang='lat' dir='ltr'><strong>dirimi:</strong></span> <span class='ocrx_word' id='word_1_112' title='bbox 1166 1346 1170 1455; x_wconf 60' lang='lat' dir='ltr'><strong>i</strong></span> 
     </span>
     <span class='ocr_line' id='line_1_15' title="bbox 115 1438 1129 1531; baseline 0 -26"><span class='ocrx_word' id='word_1_113' title='bbox 115 1438 211 1523; x_wconf 74' lang='lat' dir='ltr'><strong>juxti</strong></span> <span class='ocrx_word' id='word_1_114' title='bbox 232 1443 357 1508; x_wconf 77' lang='lat' dir='ltr'><strong>Gallias</strong></span> <span class='ocrx_word' id='word_1_115' title='bbox 379 1442 639 1528; x_wconf 79' lang='lat' dir='ltr'><strong>Hispaniasque3</strong></span> <span class='ocrx_word' id='word_1_116' title='bbox 662 1444 824 1528; x_wconf 89' lang='lat' dir='ltr'><strong>utrimque</strong></span> <span class='ocrx_word' id='word_1_117' title='bbox 837 1444 934 1524; x_wconf 87' lang='lat' dir='ltr'><strong>viros,</strong></span> <span class='ocrx_word' id='word_1_118' title='bbox 955 1465 1066 1531; x_wconf 92' lang='lat' dir='ltr'><strong>equos,</strong></span> <span class='ocrx_word' id='word_1_119' title='bbox 1086 1442 1129 1507; x_wconf 87' lang='lat' dir='ltr'><strong>tri·</strong></span> 
     </span>
     <span class='ocr_line' id='line_1_16' title="bbox 117 1462 1171 1613; baseline 0 -23"><span class='ocrx_word' id='word_1_120' title='bbox 117 1528 214 1596; x_wconf 84' lang='lat' dir='ltr'><strong>buta:</strong></span> <span class='ocrx_word' id='word_1_121' title='bbox 237 1529 403 1612; x_wconf 83' lang='lat' dir='ltr'><strong>ipsumque</strong></span> <span class='ocrx_word' id='word_1_122' title='bbox 414 1529 541 1594; x_wconf 89' lang='lat' dir='ltr'><strong>Itnliam</strong></span> <span class='ocrx_word' id='word_1_123' title='bbox 554 1542 586 1593; x_wconf 92' lang='lat' dir='ltr'><strong>et</strong></span> <span class='ocrx_word' id='word_1_124' title='bbox 597 1549 674 1613; x_wconf 88' lang='lat' dir='ltr'><strong>opes</strong></span> <span class='ocrx_word' id='word_1_125' title='bbox 686 1529 801 1595; x_wconf 87' lang='lat' dir='ltr'><strong>Urbis:</strong></span> <span class='ocrx_word' id='word_1_126' title='bbox 822 1551 870 1610; x_wconf 85' lang='lat' dir='ltr'><strong>ec,</strong></span> <span class='ocrx_word' id='word_1_127' title='bbox 881 1529 910 1593; x_wconf 90' lang='lat' dir='ltr'><strong>si</strong></span> <span class='ocrx_word' id='word_1_128' title='bbox 922 1530 1040 1597; x_wconf 85' lang='lat' dir='ltr'><strong>inferre</strong></span> <span class='ocrx_word' id='word_1_129' title='bbox 1051 1548 1128 1595; x_wconf 80' lang='lat' dir='ltr'><strong>arms</strong></span> <span class='ocrx_word' id='word_1_130' title='bbox 1167 1462 1171 1611; x_wconf 50' lang='lat' dir='ltr'><strong>d</strong></span> 
     </span>
     <span class='ocr_line' id='line_1_17' title="bbox 118 1613 1171 1698; baseline 0.003 -22"><span class='ocrx_word' id='word_1_131' title='bbox 118 1614 205 1678; x_wconf 90' lang='lat' dir='ltr'><strong>ultrb</strong></span> <span class='ocrx_word' id='word_1_132' title='bbox 226 1613 338 1694; x_wconf 87' lang='lat' dir='ltr'><strong>velint,</strong></span> <span class='ocrx_word' id='word_1_133' title='bbox 363 1613 445 1680; x_wconf 84' lang='lat' dir='ltr'><strong>dues</strong></span> <span class='ocrx_word' id='word_1_134' title='bbox 469 1616 597 1695; x_wconf 82' lang='lat' dir='ltr'><strong>classes,</strong></span> <span class='ocrx_word' id='word_1_135' title='bbox 621 1635 829 1698; x_wconf 85' lang='lat' dir='ltr'><strong>vacuumque</strong></span> <span class='ocrx_word' id='word_1_136' title='bbox 853 1616 1025 1698; x_wconf 84' lang='lat' dir='ltr'><strong>illyricum</strong></span> <span class='ocrx_word' id='word_1_137' title='bbox 1045 1633 1129 1679; x_wconf 86' lang='lat' dir='ltr'><strong>mure.</strong></span> <span class='ocrx_word' id='word_1_138' title='bbox 1167 1618 1171 1673; x_wconf 82' lang='lat' dir='ltr'><strong>l</strong></span> 
     </span>
     <span class='ocr_line' id='line_1_18' title="bbox 119 1698 1129 1783; baseline -0.006 -14"><span class='ocrx_word' id='word_1_139' title='bbox 119 1698 214 1769; x_wconf 79' lang='lat' dir='ltr'><strong>Quid</strong></span> <span class='ocrx_word' id='word_1_140' title='bbox 229 1709 299 1765; x_wconf 88' lang='lat' dir='ltr'><strong>tum</strong></span> <span class='ocrx_word' id='word_1_141' title='bbox 312 1701 454 1766; x_wconf 85' lang='lat' dir='ltr'><strong>claustra</strong></span> <span class='ocrx_word' id='word_1_142' title='bbox 469 1699 629 1765; x_wconf 88' lang='lat' dir='ltr'><strong>montium</strong></span> <span class='ocrx_word' id='word_1_143' title='bbox 643 1699 834 1783; x_wconf 73' lang='lat' dir='ltr'><strong>profuturui</strong></span> <span class='ocrx_word' id='word_1_144' title='bbox 855 1700 934 1783; x_wconf 89' lang='lat' dir='ltr'><strong>qnid</strong></span> <span class='ocrx_word' id='word_1_145' title='bbox 950 1712 1088 1766; x_wconf 86' lang='lat' dir='ltr'><strong>tractum</strong></span> <span class='ocrx_word' id='word_1_146' title='bbox 1102 1700 1129 1763; x_wconf 92' lang='lat' dir='ltr'><strong>in</strong></span> 
     </span>
     <span class='ocr_line' id='line_1_19' title="bbox 119 1784 1130 1869; baseline 0.001 -22"><span class='ocrx_word' id='word_1_147' title='bbox 119 1796 262 1853; x_wconf 73' lang='lat' dir='ltr'><strong>estatem</strong></span> <span class='ocrx_word' id='word_1_148' title='bbox 278 1786 375 1852; x_wconf 90' lang='lat' dir='ltr'><strong>aliam</strong></span> <span class='ocrx_word' id='word_1_149' title='bbox 395 1785 542 1851; x_wconf 81' lang='lat' dir='ltr'><strong>bellnml</strong></span> <span class='ocrx_word' id='word_1_150' title='bbox 564 1784 652 1850; x_wconf 88' lang='lat' dir='ltr'><strong>unde</strong></span> <span class='ocrx_word' id='word_1_151' title='bbox 674 1786 804 1850; x_wconf 86' lang='lat' dir='ltr'><strong>interim</strong></span> <span class='ocrx_word' id='word_1_152' title='bbox 825 1785 997 1869; x_wconf 84' lang='lat' dir='ltr'><strong>pecuniam</strong></span> <span class='ocrx_word' id='word_1_153' title='bbox 1013 1800 1046 1851; x_wconf 92' lang='lat' dir='ltr'><strong>et</strong></span> <span class='ocrx_word' id='word_1_154' title='bbox 1059 1804 1130 1849; x_wconf 77' lang='lat' dir='ltr'><strong>cour</strong></span> 
     </span>
     <span class='ocr_line' id='line_1_20' title="bbox 119 1870 1129 1956; baseline -0.002 -22"><span class='ocrx_word' id='word_1_155' title='bbox 119 1871 265 1937; x_wconf 76' lang='lat' dir='ltr'><strong>rnentnsi</strong></span> <span class='ocrx_word' id='word_1_156' title='bbox 303 1870 402 1943; x_wconf 72' lang='lat' dir='ltr'><strong>Quin</strong></span> <span class='ocrx_word' id='word_1_157' title='bbox 414 1871 517 1956; x_wconf 82' lang='lat' dir='ltr'><strong>potius</strong></span> <span class='ocrx_word' id='word_1_158' title='bbox 531 1890 569 1934; x_wconf 90' lang='lat' dir='ltr'><strong>eo</strong></span> <span class='ocrx_word' id='word_1_159' title='bbox 581 1871 652 1954; x_wconf 89' lang='lat' dir='ltr'><strong>ipso</strong></span> <span class='ocrx_word' id='word_1_160' title='bbox 663 1881 838 1948; x_wconf 85' lang='lat' dir='ltr'><strong>uterentur,</strong></span> <span class='ocrx_word' id='word_1_161' title='bbox 849 1872 937 1954; x_wconf 81' lang='lat' dir='ltr'><strong>qubd</strong></span> <span class='ocrx_word' id='word_1_162' title='bbox 946 1871 1129 1936; x_wconf 81' lang='lat' dir='ltr'><strong>Pannonios</strong></span> 
     </span>
     <span class='ocr_line' id='line_1_21' title="bbox 119 1955 1130 2046; baseline -0.003 -26"><span class='ocrx_word' id='word_1_163' title='bbox 119 1955 274 2046; x_wconf 82' lang='lat' dir='ltr'><strong>legiones,</strong></span> <span class='ocrx_word' id='word_1_164' title='bbox 289 1956 431 2043; x_wconf 75' lang='lat' dir='ltr'><strong>decepte</strong></span> <span class='ocrx_word' id='word_1_165' title='bbox 446 1956 556 2043; x_wconf 79' lang='lat' dir='ltr'><strong>magis,</strong></span> <span class='ocrx_word' id='word_1_166' title='bbox 579 1956 678 2041; x_wconf 80' lang='lat' dir='ltr'><strong>quim</strong></span> <span class='ocrx_word' id='word_1_167' title='bbox 691 1957 794 2038; x_wconf 75' lang='lat' dir='ltr'><strong>vietae,</strong></span> <span class='ocrx_word' id='word_1_168' title='bbox 816 1976 984 2046; x_wconf 84' lang='lat' dir='ltr'><strong>resurgere</strong></span> <span class='ocrx_word' id='word_1_169' title='bbox 998 1958 1035 2021; x_wconf 89' lang='lat' dir='ltr'><strong>in</strong></span> <span class='ocrx_word' id='word_1_170' title='bbox 1050 1957 1130 2022; x_wconf 86' lang='lat' dir='ltr'><strong>ultio</strong></span> 
     </span>
     <span class='ocr_line' id='line_1_22' title="bbox 118 2041 1131 2129; baseline -0.003 -22"><span class='ocrx_word' id='word_1_171' title='bbox 118 2060 197 2108; x_wconf 89' lang='lat' dir='ltr'><strong>nem</strong></span> <span class='ocrx_word' id='word_1_172' title='bbox 217 2054 406 2127; x_wconf 87' lang='lat' dir='ltr'><strong>properent:</strong></span> <span class='ocrx_word' id='word_1_173' title='bbox 429 2042 556 2108; x_wconf 79' lang='lat' dir='ltr'><strong>Moesici</strong></span> <span class='ocrx_word' id='word_1_174' title='bbox 578 2041 741 2107; x_wconf 86' lang='lat' dir='ltr'><strong>exercitus</strong></span> <span class='ocrx_word' id='word_1_175' title='bbox 761 2043 903 2129; x_wconf 84' lang='lat' dir='ltr'><strong>integras</strong></span> <span class='ocrx_word' id='word_1_176' title='bbox 925 2043 1012 2109; x_wconf 89' lang='lat' dir='ltr'><strong>vires</strong></span> <span class='ocrx_word' id='word_1_177' title='bbox 1034 2043 1131 2109; x_wconf 79' lang='lat' dir='ltr'><strong>attule</strong></span> 
     </span>
     <span class='ocr_line' id='line_1_23' title="bbox 119 2127 1130 2215; baseline -0.004 -21"><span class='ocrx_word' id='word_1_178' title='bbox 119 2127 193 2194; x_wconf 82' lang='lat' dir='ltr'><strong>rint</strong></span> <span class='ocrx_word' id='word_1_179' title='bbox 238 2128 274 2194; x_wconf 82' lang='lat' dir='ltr'><strong>si</strong></span> <span class='ocrx_word' id='word_1_180' title='bbox 290 2147 448 2193; x_wconf 89' lang='lat' dir='ltr'><strong>numerus</strong></span> <span class='ocrx_word' id='word_1_181' title='bbox 463 2127 605 2193; x_wconf 89' lang='lat' dir='ltr'><strong>militum</strong></span> <span class='ocrx_word' id='word_1_182' title='bbox 620 2128 732 2212; x_wconf 81' lang='lat' dir='ltr'><strong>potius,</strong></span> <span class='ocrx_word' id='word_1_183' title='bbox 750 2129 849 2211; x_wconf 81' lang='lat' dir='ltr'><strong>quim</strong></span> <span class='ocrx_word' id='word_1_184' title='bbox 862 2130 1041 2215; x_wconf 78' lang='lat' dir='ltr'><strong>legionum,</strong></span> <span class='ocrx_word' id='word_1_185' title='bbox 1056 2140 1130 2213; x_wconf 81' lang='lat' dir='ltr'><strong>pute</strong></span> 
     </span>
    </p>

    <p class='ocr_par' dir='ltr' id='par_1_5' title="bbox 70 2212 1131 3158">
     <span class='ocr_line' id='line_1_24' title="bbox 70 2212 1131 2298; baseline 0 -22"><span class='ocrx_word' id='word_1_186' title='bbox 70 2237 75 2244; x_wconf 95' lang='lat'><strong>·</strong></span> <span class='ocrx_word' id='word_1_187' title='bbox 120 2228 182 2293; x_wconf 88' lang='lat' dir='ltr'><strong>tur,</strong></span> <span class='ocrx_word' id='word_1_188' title='bbox 204 2214 280 2298; x_wconf 86' lang='lat' dir='ltr'><strong>plus</strong></span> <span class='ocrx_word' id='word_1_189' title='bbox 294 2212 373 2280; x_wconf 82' lang='lat' dir='ltr'><strong>hine</strong></span> <span class='ocrx_word' id='word_1_190' title='bbox 386 2214 519 2295; x_wconf 89' lang='lat' dir='ltr'><strong>roboris,</strong></span> <span class='ocrx_word' id='word_1_191' title='bbox 541 2212 625 2278; x_wconf 89' lang='lat' dir='ltr'><strong>nihil</strong></span> <span class='ocrx_word' id='word_1_192' title='bbox 648 2213 840 2280; x_wconf 85' lang='lat' dir='ltr'><strong>libidinum:</strong></span> <span class='ocrx_word' id='word_1_193' title='bbox 862 2225 894 2278; x_wconf 90' lang='lat' dir='ltr'><strong>et</strong></span> <span class='ocrx_word' id='word_1_194' title='bbox 908 2212 1131 2298; x_wconf 82' lang='lat' dir='ltr'><strong>profuissedis</strong></span> 
     </span>
     <span class='ocr_line' id='line_1_25' title="bbox 119 2296 1129 2384; baseline -0.002 -22"><span class='ocrx_word' id='word_1_195' title='bbox 119 2296 250 2382; x_wconf 80' lang='lat' dir='ltr'><strong>eiplinae</strong></span> <span class='ocrx_word' id='word_1_196' title='bbox 270 2298 377 2384; x_wconf 89' lang='lat' dir='ltr'><strong>ipsum</strong></span> <span class='ocrx_word' id='word_1_197' title='bbox 397 2297 564 2383; x_wconf 87' lang='lat' dir='ltr'><strong>pudorem.</strong></span> <span class='ocrx_word' id='word_1_198' title='bbox 609 2297 745 2382; x_wconf 83' lang='lat' dir='ltr'><strong>Equites</strong></span> <span class='ocrx_word' id='word_1_199' title='bbox 764 2300 842 2364; x_wconf 86' lang='lat' dir='ltr'><strong>verb</strong></span> <span class='ocrx_word' id='word_1_200' title='bbox 857 2318 898 2364; x_wconf 92' lang='lat' dir='ltr'><strong>ne</strong></span> <span class='ocrx_word' id='word_1_201' title='bbox 920 2312 992 2365; x_wconf 90' lang='lat' dir='ltr'><strong>turn</strong></span> <span class='ocrx_word' id='word_1_202' title='bbox 1012 2299 1129 2384; x_wconf 86' lang='lat' dir='ltr'><strong>quidem</strong></span> 
     </span>
     <span class='ocr_line' id='line_1_26' title="bbox 118 2380 1129 2469; baseline -0.006 -19"><span class='ocrx_word' id='word_1_203' title='bbox 118 2383 240 2469; x_wconf 79' lang='lat' dir='ltr'><strong>victos3</strong></span> <span class='ocrx_word' id='word_1_204' title='bbox 262 2386 329 2465; x_wconf 90' lang='lat' dir='ltr'><strong>sed,</strong></span> <span class='ocrx_word' id='word_1_205' title='bbox 351 2404 538 2469; x_wconf 86' lang='lat' dir='ltr'><strong>quanquam</strong></span> <span class='ocrx_word' id='word_1_206' title='bbox 551 2385 647 2449; x_wconf 90' lang='lat' dir='ltr'><strong>rebus</strong></span> <span class='ocrx_word' id='word_1_207' title='bbox 662 2384 814 2467; x_wconf 79' lang='lat' dir='ltr'><strong>adversis,</strong></span> <span class='ocrx_word' id='word_1_208' title='bbox 836 2385 1005 2467; x_wconf 84' lang='lat' dir='ltr'><strong>disjectam</strong></span> <span class='ocrx_word' id='word_1_209' title='bbox 1021 2380 1129 2451; x_wconf 81' lang='lat' dir='ltr'><strong>Vitellii</strong></span> 
     </span>
     <span class='ocr_line' id='line_1_27' title="bbox 119 2468 1129 2557; baseline -0.002 -24"><span class='ocrx_word' id='word_1_210' title='bbox 119 2468 232 2536; x_wconf 87' lang='lat' dir='ltr'><strong>aciem.</strong></span> <span class='ocrx_word' id='word_1_211' title='bbox 277 2470 360 2537; x_wconf 84' lang='lat' dir='ltr'><strong>Duae</strong></span> <span class='ocrx_word' id='word_1_212' title='bbox 374 2481 453 2535; x_wconf 88' lang='lat' dir='ltr'><strong>tune</strong></span> <span class='ocrx_word' id='word_1_213' title='bbox 476 2470 673 2536; x_wconf 84' lang='lat' dir='ltr'><strong>Pannonicae</strong></span> <span class='ocrx_word' id='word_1_214' title='bbox 689 2491 727 2536; x_wconf 83' lang='lat' dir='ltr'><strong>ao</strong></span> <span class='ocrx_word' id='word_1_215' title='bbox 744 2471 885 2536; x_wconf 79' lang='lat' dir='ltr'><strong>Moesioae</strong></span> <span class='ocrx_word' id='word_1_216' title='bbox 899 2473 957 2536; x_wconf 86' lang='lat' dir='ltr'><strong>slae</strong></span> <span class='ocrx_word' id='word_1_217' title='bbox 971 2469 1129 2557; x_wconf 73' lang='lat' dir='ltr'><strong>perrupere</strong></span> 
     </span>
     <span class='ocr_line' id='line_1_28' title="bbox 119 2554 1130 2644; baseline -0.004 -25"><span class='ocrx_word' id='word_1_218' title='bbox 119 2554 264 2620; x_wconf 88' lang='lat' dir='ltr'><strong>hostem:</strong></span> <span class='ocrx_word' id='word_1_219' title='bbox 286 2576 376 2621; x_wconf 88' lang='lat' dir='ltr'><strong>nune</strong></span> <span class='ocrx_word' id='word_1_220' title='bbox 394 2555 559 2623; x_wconf 84' lang='lat' dir='ltr'><strong>sexdecim</strong></span> <span class='ocrx_word' id='word_1_221' title='bbox 578 2560 705 2621; x_wconf 89' lang='lat' dir='ltr'><strong>alarum</strong></span> <span class='ocrx_word' id='word_1_222' title='bbox 727 2557 902 2638; x_wconf 81' lang='lat' dir='ltr'><strong>conjuncta</strong></span> <span class='ocrx_word' id='word_1_223' title='bbox 926 2556 1021 2644; x_wconf 85' lang='lat' dir='ltr'><strong>signa</strong></span> <span class='ocrx_word' id='word_1_224' title='bbox 1046 2556 1130 2641; x_wconf 90' lang='lat' dir='ltr'><strong>pulsu</strong></span> 
     </span>
     <span class='ocr_line' id='line_1_29' title="bbox 118 2640 1130 2727; baseline -0.003 -23"><span class='ocrx_word' id='word_1_225' title='bbox 118 2641 291 2725; x_wconf 84' lang='lat' dir='ltr'><strong>sonituque</strong></span> <span class='ocrx_word' id='word_1_226' title='bbox 306 2653 339 2705; x_wconf 88' lang='lat' dir='ltr'><strong>et</strong></span> <span class='ocrx_word' id='word_1_227' title='bbox 360 2643 445 2707; x_wconf 91' lang='lat' dir='ltr'><strong>nube</strong></span> <span class='ocrx_word' id='word_1_228' title='bbox 465 2642 535 2727; x_wconf 73' lang='lat' dir='ltr'><strong>ipsi</strong></span> <span class='ocrx_word' id='word_1_229' title='bbox 555 2640 701 2726; x_wconf 90' lang='lat' dir='ltr'><strong>operient</strong></span> <span class='ocrx_word' id='word_1_230' title='bbox 715 2664 752 2708; x_wconf 88' lang='lat' dir='ltr'><strong>ac</strong></span> <span class='ocrx_word' id='word_1_231' title='bbox 772 2640 1009 2727; x_wconf 86' lang='lat' dir='ltr'><strong>superfundent</strong></span> <span class='ocrx_word' id='word_1_232' title='bbox 1028 2641 1130 2707; x_wconf 87' lang='lat' dir='ltr'><strong>oblitos</strong></span> 
     </span>
     <span class='ocr_line' id='line_1_30' title="bbox 119 2725 1130 2813; baseline -0.002 -24"><span class='ocrx_word' id='word_1_233' title='bbox 119 2725 306 2811; x_wconf 81' lang='lat' dir='ltr'><strong>prreliorum</strong></span> <span class='ocrx_word' id='word_1_234' title='bbox 313 2727 436 2811; x_wconf 86' lang='lat' dir='ltr'><strong>equites</strong></span> <span class='ocrx_word' id='word_1_235' title='bbox 447 2747 619 2813; x_wconf 88' lang='lat' dir='ltr'><strong>equosque.</strong></span> <span class='ocrx_word' id='word_1_236' title='bbox 641 2726 714 2792; x_wconf 89' lang='lat' dir='ltr'><strong>Nisi</strong></span> <span class='ocrx_word' id='word_1_237' title='bbox 723 2729 796 2812; x_wconf 90' lang='lat' dir='ltr'><strong>quis</strong></span> <span class='ocrx_word' id='word_1_238' title='bbox 805 2727 1023 2808; x_wconf 89' lang='lat' dir='ltr'><strong>retinet,idem</strong></span> <span class='ocrx_word' id='word_1_239' title='bbox 1032 2741 1130 2792; x_wconf 83' lang='lat' dir='ltr'><strong>suasor</strong></span> 
     </span>
     <span class='ocr_line' id='line_1_31' title="bbox 120 2811 1130 2897; baseline 0.003 -22"><span class='ocrx_word' id='word_1_240' title='bbox 120 2819 298 2896; x_wconf 82' lang='lat' dir='ltr'><strong>auctorque</strong></span> <span class='ocrx_word' id='word_1_241' title='bbox 320 2811 446 2877; x_wconf 88' lang='lat' dir='ltr'><strong>consilii</strong></span> <span class='ocrx_word' id='word_1_242' title='bbox 470 2833 533 2879; x_wconf 86' lang='lat' dir='ltr'><strong>ero.</strong></span> <span class='ocrx_word' id='word_1_243' title='bbox 578 2811 654 2893; x_wconf 78' lang='lat' dir='ltr'><strong>Vos,</strong></span> <span class='ocrx_word' id='word_1_244' title='bbox 677 2814 734 2897; x_wconf 92' lang='lat' dir='ltr'><strong>qni</strong></span> <span class='ocrx_word' id='word_1_245' title='bbox 756 2834 796 2878; x_wconf 90' lang='lat' dir='ltr'><strong>ns</strong></span> <span class='ocrx_word' id='word_1_246' title='bbox 817 2813 945 2879; x_wconf 85' lang='lat' dir='ltr'><strong>fortune</strong></span> <span class='ocrx_word' id='word_1_247' title='bbox 966 2813 1001 2877; x_wconf 90' lang='lat' dir='ltr'><strong>in</strong></span> <span class='ocrx_word' id='word_1_248' title='bbox 1020 2815 1130 2896; x_wconf 82' lang='lat' dir='ltr'><strong>integro</strong></span> 
     </span>
     <span class='ocr_line' id='line_1_32' title="bbox 119 2897 1130 2985; baseline -0.004 -24"><span class='ocrx_word' id='word_1_249' title='bbox 119 2907 177 2978; x_wconf 90' lang='lat' dir='ltr'><strong>est,</strong></span> <span class='ocrx_word' id='word_1_250' title='bbox 192 2898 334 2985; x_wconf 83' lang='lat' dir='ltr'><strong>legiones</strong></span> <span class='ocrx_word' id='word_1_251' title='bbox 346 2898 526 2966; x_wconf 83' lang='lat' dir='ltr'><strong>continete:</strong></span> <span class='ocrx_word' id='word_1_252' title='bbox 548 2898 631 2963; x_wconf 91' lang='lat' dir='ltr'><strong>rnihi</strong></span> <span class='ocrx_word' id='word_1_253' title='bbox 645 2919 663 2963; x_wconf 91' lang='lat' dir='ltr'><strong>e</strong></span> <span class='ocrx_word' id='word_1_254' title='bbox 812 2900 958 2964; x_wconf 88' lang='lat' dir='ltr'><strong>cohortes</strong></span> <span class='ocrx_word' id='word_1_255' title='bbox 972 2897 1130 2964; x_wconf 81' lang='lat' dir='ltr'><strong>sufficient</strong></span> 
     </span>
     <span class='ocr_line' id='line_1_33' title="bbox 120 2980 1130 3069; baseline -0.004 -21"><span class='ocrx_word' id='word_1_256' title='bbox 120 2984 195 3048; x_wconf 82' lang='lat' dir='ltr'><strong>Jom</strong></span> <span class='ocrx_word' id='word_1_257' title='bbox 208 2995 380 3049; x_wconf 86' lang='lat' dir='ltr'><strong>reseratam</strong></span> <span class='ocrx_word' id='word_1_258' title='bbox 396 2983 532 3068; x_wconf 81' lang='lat' dir='ltr'><strong>Italinrn,</strong></span> <span class='ocrx_word' id='word_1_259' title='bbox 547 2984 704 3069; x_wconf 84' lang='lat' dir='ltr'><strong>impulsus</strong></span> <span class='ocrx_word' id='word_1_260' title='bbox 717 2985 839 3049; x_wconf 81' lang='lat' dir='ltr'><strong>Vitellii</strong></span> <span class='ocrx_word' id='word_1_261' title='bbox 851 3005 901 3050; x_wconf 91' lang='lat' dir='ltr'><strong>res</strong></span> <span class='ocrx_word' id='word_1_262' title='bbox 915 2984 1071 3050; x_wconf 88' lang='lat' dir='ltr'><strong>audietis:</strong></span> <span class='ocrx_word' id='word_1_263' title='bbox 1089 2980 1130 3064; x_wconf 91' lang='lat' dir='ltr'><strong>ju·</strong></span> 
     </span>
     <span class='ocr_line' id='line_1_34' title="bbox 119 3069 882 3158; baseline 0.003 -25"><span class='ocrx_word' id='word_1_264' title='bbox 119 3069 210 3133; x_wconf 80' lang='lat' dir='ltr'><strong>rabit</strong></span> <span class='ocrx_word' id='word_1_265' title='bbox 223 3070 326 3155; x_wconf 90' lang='lat' dir='ltr'><strong>sequi,</strong></span> <span class='ocrx_word' id='word_1_266' title='bbox 340 3079 371 3134; x_wconf 90' lang='lat' dir='ltr'><strong>et</strong></span> <span class='ocrx_word' id='word_1_267' title='bbox 381 3070 527 3158; x_wconf 80' lang='lat' dir='ltr'><strong>vestigiis</strong></span> <span class='ocrx_word' id='word_1_268' title='bbox 541 3070 702 3137; x_wconf 83' lang='lat' dir='ltr'><strong>vincentis</strong></span> <span class='ocrx_word' id='word_1_269' title='bbox 717 3071 882 3135; x_wconf 66' lang='lat' dir='ltr'><strong>insistere)</strong></span> 
     </span>
    </p>

    <p class='ocr_par' dir='ltr' id='par_1_6' title="bbox 119 3148 1129 3755">
     <span class='ocr_line' id='line_1_35' title="bbox 163 3148 1128 3244; baseline -0.002 -27"><span class='ocrx_word' id='word_1_270' title='bbox 163 3154 223 3220; x_wconf 87' lang='lat'>111.</span> <span class='ocrx_word' id='word_1_271' title='bbox 246 3155 328 3222; x_wconf 84' lang='lat' dir='ltr'><strong>Haeo</strong></span> <span class='ocrx_word' id='word_1_272' title='bbox 349 3167 445 3239; x_wconf 88' lang='lat' dir='ltr'><strong>atque</strong></span> <span class='ocrx_word' id='word_1_273' title='bbox 459 3157 546 3237; x_wconf 89' lang='lat' dir='ltr'><strong>talia,</strong></span> <span class='ocrx_word' id='word_1_274' title='bbox 567 3156 709 3244; x_wconf 83' lang='lat' dir='ltr'><strong>flogrsns</strong></span> <span class='ocrx_word' id='word_1_275' title='bbox 729 3154 843 3237; x_wconf 88' lang='lat' dir='ltr'><strong>oculis,</strong></span> <span class='ocrx_word' id='word_1_276' title='bbox 866 3154 949 3220; x_wconf 85' lang='lat' dir='ltr'><strong>truci</strong></span> <span class='ocrx_word' id='word_1_277' title='bbox 965 3175 1054 3235; x_wconf 83' lang='lat' dir='ltr'><strong>voee,</strong></span> <span class='ocrx_word' id='word_1_278' title='bbox 1074 3148 1128 3236; x_wconf 82' lang='lat' dir='ltr'><strong>qui</strong></span> 
     </span>
     <span class='ocr_line' id='line_1_36' title="bbox 120 3236 1129 3329; baseline -0.005 -24"><span class='ocrx_word' id='word_1_279' title='bbox 120 3239 214 3305; x_wconf 82' lang='lat' dir='ltr'><strong>latius</strong></span> <span class='ocrx_word' id='word_1_280' title='bbox 230 3242 404 3321; x_wconf 78' lang='lat' dir='ltr'><strong>audiretur,</strong></span> <span class='ocrx_word' id='word_1_281' title='bbox 427 3242 561 3329; x_wconf 84' lang='lat' dir='ltr'><strong>(etenim</strong></span> <span class='ocrx_word' id='word_1_282' title='bbox 580 3263 615 3306; x_wconf 89' lang='lat' dir='ltr'><strong>se</strong></span> <span class='ocrx_word' id='word_1_283' title='bbox 635 3242 848 3307; x_wconf 86' lang='lat' dir='ltr'><strong>Centuriones</strong></span> <span class='ocrx_word' id='word_1_284' title='bbox 862 3241 1039 3325; x_wconf 82' lang='lat' dir='ltr'><strong>etquidem</strong></span> <span class='ocrx_word' id='word_1_285' title='bbox 1058 3236 1129 3304; x_wconf 91' lang='lat' dir='ltr'><strong>mili·</strong></span> 
     </span>
     <span class='ocr_line' id='line_1_37' title="bbox 120 3324 1129 3411; baseline -0.004 -23"><span class='ocrx_word' id='word_1_286' title='bbox 120 3334 192 3389; x_wconf 87' lang='lat' dir='ltr'><strong>tum</strong></span> <span class='ocrx_word' id='word_1_287' title='bbox 206 3328 343 3392; x_wconf 89' lang='lat' dir='ltr'><strong>oonsilio</strong></span> <span class='ocrx_word' id='word_1_288' title='bbox 358 3324 578 3411; x_wconf 63' lang='lat' dir='ltr'><strong>miscueratis)</strong></span> <span class='ocrx_word' id='word_1_289' title='bbox 592 3329 637 3392; x_wconf 88' lang='lat' dir='ltr'><strong>ita</strong></span> <span class='ocrx_word' id='word_1_290' title='bbox 649 3326 772 3409; x_wconf 85' lang='lat' dir='ltr'><strong>effudit,</strong></span> <span class='ocrx_word' id='word_1_291' title='bbox 787 3336 824 3391; x_wconf 92' lang='lat' dir='ltr'><strong>nt</strong></span> <span class='ocrx_word' id='word_1_292' title='bbox 836 3336 947 3392; x_wconf 82' lang='lat' dir='ltr'><strong>santos</strong></span> <span class='ocrx_word' id='word_1_293' title='bbox 961 3339 1129 3411; x_wconf 83' lang='lat' dir='ltr'><strong>quoquere</strong></span> 
     </span>
     <span class='ocr_line' id='line_1_38' title="bbox 119 3409 1129 3498; baseline 0 -27"><span class='ocrx_word' id='word_1_294' title='bbox 119 3409 271 3491; x_wconf 80' lang='lat' dir='ltr'><strong>providos</strong></span> <span class='ocrx_word' id='word_1_295' title='bbox 285 3423 493 3494; x_wconf 86' lang='lat' dir='ltr'><strong>permoveret,</strong></span> <span class='ocrx_word' id='word_1_296' title='bbox 508 3413 629 3498; x_wconf 84' lang='lat' dir='ltr'><strong>vulgus</strong></span> <span class='ocrx_word' id='word_1_297' title='bbox 643 3425 675 3477; x_wconf 92' lang='lat' dir='ltr'><strong>et</strong></span> <span class='ocrx_word' id='word_1_298' title='bbox 688 3412 796 3491; x_wconf 83' lang='lat' dir='ltr'><strong>ceteri,</strong></span> <span class='ocrx_word' id='word_1_299' title='bbox 813 3422 936 3478; x_wconf 89' lang='lat' dir='ltr'><strong>‘unum</strong></span> <span class='ocrx_word' id='word_1_300' title='bbox 949 3413 1057 3477; x_wconf 87' lang='lat' dir='ltr'><strong>virum</strong></span> <span class='ocrx_word' id='word_1_301' title='bbox 1070 3409 1129 3472; x_wconf 91' lang='lat' dir='ltr'><strong>Du·</strong></span> 
     </span>
     <span class='ocr_line' id='line_1_39' title="bbox 120 3493 1126 3594; baseline 0.002 -40"><span class='ocrx_word' id='word_1_302' title='bbox 120 3498 275 3576; x_wconf 84' lang='lat' dir='ltr'><strong>nemque,&#39;</strong></span> <span class='ocrx_word' id='word_1_303' title='bbox 309 3493 416 3576; x_wconf 73' lang='lat' dir='ltr'><strong>spreti</strong></span> <span class='ocrx_word' id='word_1_304' title='bbox 451 3496 611 3561; x_wconf 84' lang='lat' dir='ltr'><strong>‘eliorum</strong></span> <span class='ocrx_word' id='word_1_305' title='bbox 637 3498 794 3594; x_wconf 73' lang='lat' dir='ltr'><strong>segnitid,’</strong></span> <span class='ocrx_word' id='word_1_306' title='bbox 831 3497 982 3563; x_wconf 89' lang='lat' dir='ltr'><strong>laudibus</strong></span> <span class='ocrx_word' id='word_1_307' title='bbox 1011 3495 1126 3562; x_wconf 83' lang='lat' dir='ltr'><strong>ferrent</strong></span> 
     </span>
     <span class='ocr_line' id='line_1_40' title="bbox 120 3575 1128 3669; baseline 0.003 -31"><span class='ocrx_word' id='word_1_308' title='bbox 120 3575 216 3669; x_wconf 70' lang='lat' dir='ltr'><strong>lieno</strong></span> <span class='ocrx_word' id='word_1_309' title='bbox 230 3580 282 3641; x_wconf 92' lang='lat' dir='ltr'><strong>sui</strong></span> <span class='ocrx_word' id='word_1_310' title='bbox 294 3578 414 3642; x_wconf 77' lang='lat' dir='ltr'><strong>semem</strong></span> <span class='ocrx_word' id='word_1_311' title='bbox 424 3579 463 3644; x_wconf 79' lang='lat' dir='ltr'><strong>eri</strong></span> <span class='ocrx_word' id='word_1_312' title='bbox 477 3581 585 3644; x_wconf 80' lang='lat' dir='ltr'><strong>statim</strong></span> <span class='ocrx_word' id='word_1_313' title='bbox 595 3600 752 3647; x_wconf 84' lang='lat' dir='ltr'><strong>concione</strong></span> <span class='ocrx_word' id='word_1_314' title='bbox 762 3593 989 3663; x_wconf 87' lang='lat' dir='ltr'><strong>commoverat,</strong></span> <span class='ocrx_word' id='word_1_315' title='bbox 1003 3583 1076 3667; x_wconf 73' lang='lat' dir='ltr'><strong>qui,</strong></span> <span class='ocrx_word' id='word_1_316' title='bbox 1089 3597 1128 3643; x_wconf 84' lang='lat' dir='ltr'><strong>re</strong></span> 
     </span>
     <span class='ocr_line' id='line_1_41' title="bbox 120 3661 1129 3755; baseline 0.009 -33"><span class='ocrx_word' id='word_1_317' title='bbox 120 3661 225 3726; x_wconf 77' lang='lat' dir='ltr'><strong>errotis</strong></span> <span class='ocrx_word' id='word_1_318' title='bbox 239 3661 426 3747; x_wconf 83' lang='lat' dir='ltr'><strong>Vespasiani</strong></span> <span class='ocrx_word' id='word_1_319' title='bbox 441 3664 593 3749; x_wconf 87' lang='lat' dir='ltr'><strong>epistolis,</strong></span> <span class='ocrx_word' id='word_1_320' title='bbox 615 3685 692 3749; x_wconf 91' lang='lat' dir='ltr'><strong>non,</strong></span> <span class='ocrx_word' id='word_1_321' title='bbox 714 3677 751 3732; x_wconf 92' lang='lat' dir='ltr'><strong>ut</strong></span> <span class='ocrx_word' id='word_1_322' title='bbox 765 3669 920 3755; x_wconf 85' lang='lat' dir='ltr'><strong>plerique,</strong></span> <span class='ocrx_word' id='word_1_323' title='bbox 942 3663 1129 3737; x_wconf 73' lang='lat' dir='ltr'><strong>ineertadis</strong></span> 
     </span>
    </p>
   </div>
   <div class='ocr_carea' id='block_1_3' title="bbox 0 0 1201 4050">
    <p class='ocr_par' dir='ltr' id='par_1_7' title="bbox 0 0 1201 4050">
     <span class='ocr_line' id='line_1_42' title="bbox 0 0 1201 4050; baseline 0 0"><span class='ocrx_word' id='word_1_324' title='bbox 0 0 1201 4050; x_wconf 95' lang='lat' dir='ltr'><strong> </strong></span> 
     </span>
    </p>
   </div>
  </div>
 </body>
</html>
