2392 4050
107 176 171 245 194
469 178 506 244 C.
522 177 632 243 Gonu.
647 175 784 242 'Piceni
925 175 977 264 [ab
989 175 1027 243 tt.
1040 171 1109 241 823

105 349 163 417 ilis
175 348 303 416 venere.
345 348 421 417 Non
443 358 550 415 tumen
572 369 671 415 armus
684 349 803 434 oppido
816 345 1112 414 Bstsvommsrmis

105 437 198 516 tueri,
211 435 319 521 replis,
338 455 414 521 qun
436 432 511 501 terri
533 445 688 518 poterant,
710 435 823 500 ceteris
848 434 965 518 injecto
980 431 1111 521 igneio

106 522 247 588 insulem
259 521 438 586 concessit:
460 539 590 605 marus,
605 521 699 585 deese
713 539 814 585 naves
832 520 1002 587 efficiendo
1023 517 1111 605 ponti,

106 626 131 674 n
171 628 213 672 ue
226 606 405 672 exereitum
426 605 613 671 Romanmn
634 606 726 673 aliter
739 608 1023 672 transmissurum:
1043 604 1115 688 qula

107 629 253 761 saltui:
262 694 389 771 molem,
404 692 545 788 elireto
556 692 751 757 Germsaico
761 693 888 789 sectam,
899 691 1117 772 Rhenmm,

107 798 211 866 prono
224 781 317 844 slveo
329 778 366 843 in
380 777 524 842 Gallum
541 780 698 859 rueniem,
711 777 861 859 dimerse,
874 797 947 862 quse
960 776 1118 841 morsbsn·

108 876 171 944 tur,
186 863 308 929 offudit
350 862 407 927 Sic
420 864 511 928 velut
524 863 638 928 sbecto
657 880 760 946 smne,
775 863 882 929 tenuis
902 864 1024 941 elveno,
1038 862 1118 925 inss-
1174 874 1176 941 j

109 952 176 1018 ism
189 949 272 1013 inter
294 949 546 1032 Germsnmqne,
561 948 796 1014 continentium
817 959 975 1013 terrerum
988 945 1120 1030 speciem

109 1036 235 1103 iecerat.
278 1034 452 1099 Treueros
467 1033 622 1099 Rhenum
634 1034 743 1099 'lutor
760 1053 890 1119 quoque
910 1045 943 1101 et
962 1031 1120 1098 Classicus
1175 1046 1176 1103 ἶ

110 1133 142 1187 et
155 1131 287 1185 centum
298 1118 452 1185 tredecim
464 1118 686 1188 'Prevmomm
706 1119 896 1185 Senatores:
917 1119 953 1183 in
974 1118 1047 1202 quis
1067 1115 1121 1180 fnit

111 1205 251 1290 Alpinus
278 1206 463 1286 Montanus,
486 1222 585 1288 quem
598 1220 620 1269 's
633 1204 742 1270 Primo
766 1203 908 1270 Antonio
933 1204 1069 1269 missum
1089 1202 1120 1266 ia

112 1292 238 1356 Gallias
251 1292 396 1375 superius
410 1291 669 1359 memoravimus.
712 1291 931 1356 Comitobatur
941 1309 1020 1354 eum
1033 1289 1122 1353 frete

112 1377 154 1442 D.
171 1375 319 1461 Alpinus.
363 1375 469 1442 Simul
483 1375 580 1440 ceteri
605 1375 808 1443 miseratione
829 1396 867 1441 ac
889 1375 984 1440 donis
1006 1372 1122 1439 suxilis

112 1462 291 1542 concibant,
306 1461 391 1525 inter
401 1470 512 1546 gentes
526 1462 747 1544 periculorum
761 1461 881 1526 arides.

157 1547 234 1616 XX.
258 1547 468 1631 Tantumque
477 1546 552 1612 belli
562 1547 728 1631 superfuit,
737 1558 774 1611 ut
805 1543 1122 1624 residiscohbetiun,

112 1634 246 1714 elerum,
261 1633 435 1718 legionum,
445 1651 512 1696 uno
525 1631 578 1697 die
590 1632 706 1698 Civilis
716 1652 759 1716 qu
803 1631 947 1717 ripertitb
959 1630 1120 1695 invaserit:

114 1719 274 1785 decimam
302 1720 311 1782 Ι
353 1719 460 1783 ionem
483 1718 631 1799 monaci,
660 1716 836 1783 secundum
863 1715 1065 1795 Batavoduri,
1093 1727 1121 1781 et

116 1805 259 1871 Grinnes
273 1804 301 1869 V
344 1822 467 1887 nmque,
483 1805 665 1869 cohortium
679 1806 866 1887 atomisque
881 1806 1005 1884 cestre,
1026 1802 1070 1866 its
1081 1802 1122 1866 ‹li-

115 1891 193 1957 visis
218 1889 327 1974 copiis,
342 1900 380 1954 ut
393 1891 459 1972 ipsc
473 1899 505 1953 et
519 1890 636 1970 Verax,
650 1908 758 1954 sorore
772 1888 842 1972 ejus
861 1889 1001 1975 genitus,
1016 1888 1122 1953 class

116 1995 240 2061 susque
263 1995 301 2041 sc
316 1975 422 2041 Tutor
446 1994 541 2041 suam
560 1976 696 2061 quisque
718 1994 852 2041 menum
871 1973 1049 2040 traherent:
1069 1993 1122 2041 net

116 2062 226 2128 omnis
239 2060 383 2145 patrandi
399 2059 517 2126 fiduciis
530 2083 538 2125 :
559 2062 625 2143 sed,
641 2062 765 2127 ‘multa
778 2064 864 2126 ausis
877 2060 988 2143 aliqui
999 2061 1032 2124 in
1043 2072 1122 2145 perte

117 2147 279 2214 fortunam
292 2146 400 2228 affore.
443 2146 549 2212 Simul
564 2145 724 2216 Cerialem
739 2166 843 2230 neque
856 2146 932 2212 saris
946 2158 1082 2226 caratam,
1093 2159 1121 2211 et

116 2232 264 2318 pluribus
279 2231 402 2296 nnutiis
417 2231 483 2296 huc
506 2233 587 2297 illuc
608 2242 800 2315 cursantem,
815 2254 907 2318 posse
920 2232 1025 2297 medio
1036 2234 1122 2297 inter·

119 2317 201 2402 cipi!
243 2317 375 2388 Quibus
389 2318 586 2382 obvenerant
608 2328 711 2384 cestra
734 2317 998 2398 decnmsnorum,
1013 2337 1121 2404 oppug-

118 2403 283 2470 nationem
296 2404 430 2491 legionis
445 2402 580 2467 erdunm
603 2405 672 2483 reti,
687 2423 851 2510 Qum
872 2403 1017 2485 militem,
1030 2415 1060 2467 et
1073 2425 1121 2471 cs·

119 2489 233 2555 dendis
248 2488 388 2554 meteriis
402 2499 575 2571 operatam,
590 2490 769 2569 turbuvere,
779 2491 886 2555 occiso
901 2488 1052 2555 Praeiecto
1065 2511 1121 2556 cas·

120 2586 246 2640 trorum
268 2587 299 2639 et
320 2574 464 2659 quinque
486 2573 681 2658 primoribus·
703 2575 938 2640 Centurionum
962 2577 1122 2660 paucisque

120 2660 287 2727 militibus.
331 2660 435 2723 Ceteri
449 2678 486 2722 se
499 2660 706 2725 munimentis
725 2659 904 2726 defendere.
947 2659 992 2725 Et
1006 2661 1121 2726 interim

122 2747 359 2810 Germanorum
373 2762 489 2807 manus
500 2744 695 2810 Batavoduri
706 2746 854 2830 rumpere
866 2745 1121 2833 inchoatumpon

119 2840 184 2897 tem
198 2830 391 2894 nitebantur.
435 2829 635 2928 Ambiguum
649 2831 798 2913 prelium
816 2850 883 2896 nox
897 2830 1033 2897 diremit.

165 2916 259 2985 XXI.
282 2916 362 2981 Plus
375 2914 571 2980 discriminis
586 2916 671 3000 apud
686 2917 828 2981 Grinnes
839 2916 1032 3001 veramque.
1071 2918 1120 2983 Vt·

123 3003 199 3069 dam
214 3001 337 3082 Civilis,
360 3001 502 3066 Grinnes
526 3001 699 3083 Classicus,
719 3003 965 3090 oppugnabant:
987 3024 1045 3070 aec
1065 3002 1120 3069 sisti

124 3100 279 3173 poterent,
295 3087 458 3152 interfecto
480 3085 652 3150 fortissimo
674 3108 818 3173 quoque:
840 3088 960 3171 inquis
982 3090 1121 3177 Briganti-

124 3193 191 3253 cus,
208 3173 379 3238 Praefectus
402 3174 469 3252 slse,
489 3170 665 3252 cecideram
687 3192 786 3256 quem
806 3172 909 3239 fidum
931 3173 1078 3240 Romanis
1096 3184 1120 3238 et

125 3258 234 3339 Civili,
257 3259 431 3338 avunculo,
452 3256 616 3322 insensum
639 3258 790 3325 diximus.
833 3259 907 3340 Sed,
926 3260 982 3324 ubi
1006 3260 1120 3328 &nolit

123 3361 200 3411 cum
212 3341 333 3406 delecti
352 3343 496 3427 equitum
510 3361 609 3428 manu
631 3344 789 3424 subvenit,
803 3345 897 3410 verse
911 3347 1045 3428 fortuni,

124 3428 235 3510 cipites
251 3427 406 3492 Germsni
428 3428 462 3490 in
478 3446 607 3492 amnem
620 3440 770 3515 egrrntur.
815 3430 938 3512 Civilis,
957 3431 1035 3498 dum
1053 3366 1120 3517 gg:

119 3521 214 3590 ‚entes
228 3518 370 3590 retentet,
386 3510 513 3595 agnitus
535 3513 716 3596 petitusque
740 3515 821 3596 telis,
837 3517 949 3582 relicto
973 3537 1059 3602 equo,
1071 3529 1118 3580 tre

125 3595 266 3659 natsvit:
287 3589 373 3662 idem
382 3596 583 3660 Vereciseffu
610 3597 687 3662 um.
731 3598 891 3666 'luterem
900 3601 1117 3685 classicumque

57 3761 65 3766 Α
122 3681 266 3763 appulse
278 3676 388 3745 lintres
401 3680 527 3745 vexere.
603 3693 707 3750 etum
720 3684 853 3770 quidem
867 3688 1011 3756 Romam
1023 3686 1115 3754 class
