2392 4050
115 163 177 227 150
454 160 493 227 G.
508 163 618 228 Gonu.
635 162 771 276 Taeter
932 161 982 253 [A.
997 160 1033 230 U.
1046 162 1105 229 822.

112 334 163 398 liae
178 344 383 417 aspernantes
396 358 403 419 ;
426 334 562 399 Rheum
578 333 743 421 incognita
759 335 807 401 illi
823 338 907 402 coelo
921 339 1053 403 siccitate
1064 337 1110 399 rix

112 420 249 485 narium
261 421 407 505 patieusp
428 421 506 486 arcti
522 432 738 486 commeatus:
760 422 920 507 dispositae
936 444 990 507 per
1003 441 1110 486 omnem

112 503 216 589 ripam
229 506 389 587 stationes,
400 527 470 589 qua
486 507 666 572 Genaunes
677 505 761 571 vado
771 520 937 574 arcerent:
959 509 1111 589 eidemque

69 661 73 668 ⁴
111 589 153 654 de
180 595 279 657 causi
308 593 418 662 minua
443 593 585 677 frugum,
614 602 646 655 et
670 595 788 677 plures,
813 595 871 677 qui
897 602 1112 660 consumerent

111 675 209 758 Apud
231 676 393 761 imperitos
408 677 546 765 prodigii
566 679 638 742 loco
661 678 876 763 accipiebatur
891 679 963 762 ipsa
977 697 1115 763 aquamm

110 762 255 845 panteria,
265 777 420 846 tanquam
430 783 490 828 nos
502 781 613 827 amnes
621 774 912 847 quoqueetretera
921 764 1049 848 Imperii
1059 782 1116 827 mu·

113 848 258 912 nimenta
279 847 480 914 desererent:
509 849 598 931 quod
623 849 657 913 in
685 868 763 931 pace
787 849 887 930 ‘fora'
910 869 969 915 seu
992 851 1116 914 ‘namra'

112 942 192 998 tunc
213 931 335 998 ‘iatum
348 946 380 998 et
394 934 443 997 ira
458 934 538 1014 Dei‚'
553 934 737 999 vocabatur.
781 935 940 1020 Ingressis
956 934 1118 1000 Novariam

112 1017 330 1083 tertiadecima
344 1019 375 1083 le
400 1019 430 1083 'o
444 1017 663 1107 conjungitur.
706 1019 845 1084 Additus
859 1020 994 1085 Voculae
1016 1020 1050 1085 iu
1062 1039 1119 1102 par·

112 1113 177 1168 tem
200 1122 354 1170 curarum
410 1104 562 1170 arcanius
589 1105 715 1184 Gallus,
738 1106 899 1192 Legatus:
922 1125 985 1170 nec
1007 1104 1119 1170 ausiad

111 1188 235 1255 hostem
292 1209 389 1276 agere,
406 1190 487 1270 loco,
503 1190 557 1253 cui
584 1190 736 1255 Gelduba
758 1209 877 1258 nomen
902 1202 959 1273 est,
974 1189 1120 1257 castrale

113 1273 194 1339 edre.
237 1273 253 1339 1
275 1273 450 1340 istruendd
462 1274 540 1355 acie,
556 1276 733 1341 muniendo
748 1275 962 1360 vallandoque
976 1287 1010 1340 et
1024 1275 1121 1341 ceteris

111 1360 189 1424 belli
203 1359 437 1425 meditamentis
457 1359 592 1425 militem
617 1360 798 1425 firmabant.
841 1362 950 1445 thue
972 1360 1122 1445 predam

111 1445 263 1512 vinutem
276 1444 513 1526 accenderetur,
529 1446 564 1511 in
588 1447 752 1529 proximos
772 1448 1006 1533 Gugernorum
1028 1467 1121 1534 pagos,

111 1530 168 1616 qui
182 1529 367 1596 societatem
381 1530 496 1595 Civilis
517 1541 716 1615 acceperant,
738 1530 857 1597 ductus
873 1554 893 1596 a
907 1533 1035 1598 loculi
1047 1552 1123 1598 exer·

112 1616 206 1681 citus.
250 1617 422 1681 Perseum
435 1616 599 1681 Herennio
623 1618 721 1682 Gallo
734 1619 917 1700 permansit.
1172 1633 1173 1642 ¹

155 1702 294 1770 XXVII.
318 1703 415 1767 Forte
429 1721 557 1783 navem,
573 1702 662 1768 haud
687 1705 800 1785 procul
828 1704 949 1784 castris,
972 1704 1123 1769 frumento

110 1807 253 1877 gravem,
277 1789 351 1853 calm
365 1808 422 1872 per
436 1788 519 1854 vade
534 1788 685 1868 haesisset,
701 1789 858 1853 Germani
872 1789 907 1853 in
921 1808 1018 1855 suam
1032 1790 1123 1872 ripam
1172 1841 1173 1847 ,

111 1876 288 1942 trahebant.
332 1875 407 1940 Non
419 1874 494 1939 tulit
506 1874 631 1953 Gallus,
644 1873 794 1956 misitque
806 1873 949 1939 subsidio
961 1875 1123 1940 cohortem.
1172 1875 1173 1942 3

112 1964 238 2029 Auetus
252 1970 285 2027 et
298 1961 536 2027 Germanorum
551 1977 715 2040 numerus,
727 1960 946 2045 paulatimque
959 1979 1122 2048 aggregari·
1172 1959 1173 1996 l

109 2049 196 2115 tibus
221 2064 255 2110 se
280 2047 421 2126 auxiliis,
443 2045 514 2110 acie
538 2055 705 2109 certatum.
749 2047 903 2111 Germani
927 2048 1034 2112 multa
1059 2065 1122 2113 cum

110 2145 215 2218 strage
229 2142 413 2195 nostrorum
428 2150 546 2197 navem
566 2130 739 2214 abripiunt.
783 2131 867 2197 Victi
896 2132 1000 2218 (quod
1015 2132 1121 2198 lumin
1171 2180 1172 2216 .

111 2234 233 2295 moram
249 2218 478 2302 verterat)non
502 2237 595 2282 suam
616 2215 790 2301 ignaviam,
805 2218 862 2281 sed
885 2217 1055 2301 perfidiam
1073 2218 1122 2282 ie·
1170 2227 1172 2309 l

132 2303 175 2367 ati
190 2303 374 2386 culpabant.
417 2303 623 2367 Protractum
636 2322 654 2365 e
668 2304 815 2384 tentorio,
836 2303 936 2367 scissa
950 2313 1049 2384 veste,
1064 2321 1121 2366 ver·
1171 2354 1172 2403 ,

151 2399 219 2453 rato
234 2407 374 2470 corpore,
400 2397 483 2472 ‘quo
508 2387 619 2472 pretio,
643 2389 760 2470 quibus
775 2388 923 2469 consciis,
943 2388 1122 2472 prodidisset
1170 2446 1171 2471 ,

109 2475 306 2554 exercitum‚’
321 2474 428 2539 dicere
439 2474 563 2556 jubent.
608 2472 703 2538 Redit
714 2473 748 2538 in
761 2473 985 2539 Hordeonium
998 2473 1120 2538 invidia
1170 2498 1171 2541 l

110 2563 210 2626 Illum
226 2569 406 2626 ‘auctorem
418 2560 555 2626 sceleris'
570 2558 669 2639 hunc,
693 2559 902 2623 ‘ministrum’
917 2571 1055 2641 vocant3
1076 2557 1121 2621 do
1169 2599 1171 2614 .

111 2666 183 2725 nec,
196 2644 333 2729 exitium
353 2646 573 2711 minitantibus
588 2644 768 2726 exterritus,
791 2643 1007 2729 proditionem
1021 2656 1052 2708 et
1064 2644 1121 2726 ipm
1169 2626 1171 2727 l

109 2731 294 2808 Hordeonio
308 2729 445 2813 objecit;
470 2731 671 2813 vinctusque,
687 2729 828 2795 adventu
849 2728 983 2794 demum
999 2728 1118 2795 Vocula
1169 2736 1172 2839 l

110 2817 297 2883 exsolvitur.
341 2817 373 2879 ls
388 2816 511 2898 posteri
526 2817 578 2879 die
593 2825 741 2879 auctores
755 2814 922 2881 seditionis
943 2826 1045 2880 morte
1058 2814 1120 2879 affe·

110 2905 162 2970 cit.
207 2902 317 2968 'Penta
331 2901 378 2966 illi
394 2902 549 2969 exercitui
563 2900 731 2965 diversitas
746 2900 997 2966 iueratlicentiae
1012 2900 1119 2984 patien·
1151 2977 1153 2983 Ι

111 2992 238 3074 tiaeque.
296 2987 394 3055 Haud
422 2987 520 3052 dubie
549 2985 716 3085 gregarius
744 2987 838 3052 miles
866 2987 998 3051 Vitellio
1026 2986 1118 3049 lidus:
1168 3016 1170 3073 l

111 3073 388 3160 splendidissimus
401 3073 538 3158 quisque
550 3073 831 3156 ara-Vespasianum
841 3071 952 3155 proni:
977 3072 1050 3136 inde
1063 3087 1118 3133 sce·

110 3162 215 3225 lerum
229 3180 266 3225 ac
282 3160 517 3244 suppliciorum
529 3158 627 3236 vices,
650 3169 683 3222 et
707 3158 829 3222 mixtus
849 3158 1004 3241 obsequio
1025 3156 1117 3222 furor:
1169 3176 1170 3219 l

111 3255 148 3310 ut
162 3247 317 3309 contineri
334 3265 401 3310 non
415 3255 551 3328 possent,
566 3244 624 3327 qui
639 3244 747 3326 puniri
761 3253 916 3326 poterant.

154 3330 314 3395 XXVIII.
336 3333 380 3394 At
394 3330 534 3395 Civilem
547 3329 713 3393 immensis
728 3329 876 3393 auctibus
889 3329 1043 3393 universa
1053 3326 1118 3389 Ger·

108 3415 217 3479 mania
231 3415 411 3493 extollebat,
434 3416 582 3479 socictate
597 3414 806 3478 nobilissimis
820 3413 972 3478 obsidum
995 3408 1116 3477 firmati.

109 3501 178 3580 Ille,
192 3510 229 3562 ut
242 3497 360 3580 cuique
373 3499 567 3580 proximum,
585 3500 720 3564 ‘vastari
732 3500 832 3564 Ubios
849 3500 1080 3582 Treverosque,
1091 3504 1115 3555 et
1168 3524 1169 3547 2

108 3582 478 3647 alianrmanumlldosam
488 3602 616 3647 amnem
626 3585 780 3665 transire,'
792 3584 885 3666 jubet
900 3593 952 3650 lut
962 3581 1114 3666 Menapios
1168 3550 1169 3625 l

107 3677 139 3730 et
153 3668 297 3733 Morinos
310 3677 342 3731 et
365 3680 508 3733 extrema
533 3668 717 3735 Galliarum
730 3681 884 3756 quateret.
937 3673 1026 3738 Actae
1046 3678 1115 3735 utre
1167 3658 1168 3685 ¹
