2392 4050
75 155 109 220 Δ.
123 152 156 219 O.
168 153 229 244 lu]
357 154 509 220 Hrsroa.
524 154 604 220 Lre.
621 156 809 227 Quaeras.
1013 156 1075 220 161

73 337 133 391 tum
145 328 177 392 in
190 328 320 411 Senatu,
336 334 392 391 ‘ut
402 326 579 392 sexcenties
593 324 773 391 sestertium
786 324 950 410 captivatis
965 335 1073 389 mutu·

71 430 120 476 um
133 414 361 497 accciperelur.’
404 412 660 496 Praepositusque
685 412 715 477 ei
737 432 823 476 curae
838 412 996 495 Poppaeus
1010 411 1074 476 Sil·

71 515 181 563 vanus:
217 519 277 565 nec
306 499 410 563 multb
436 498 508 581 pbst
542 497 715 562 necessitas
743 497 829 575 abiit,
858 497 928 560 sive
956 496 1074 561 omissa

70 581 226 650 simulatio.
290 585 443 670 Abrogati
472 581 556 661 inde,
592 583 699 669 legem
729 582 848 647 ferente
876 582 1071 661 Domitiano,

42 701 43 710 .
70 667 259 751 Consulatus,
274 690 356 754 quos
371 668 518 747 Vitellius
539 666 676 733 dederat.
721 670 902 751 Funusque
924 667 1072 730 Censori·

69 769 117 816 um
131 751 243 818 Flavio
258 754 380 821 Sabino
394 754 547 819 ductum:
570 773 689 840 magna
709 755 903 819 documenta
916 751 1073 817 instabilis

70 837 216 918 Fortuna,
232 859 424 923 summaque
438 852 469 904 et
483 841 549 902 ima
562 838 736 903 miscentis.

104 925 248 990 XLVIII.
272 926 342 991 Sub
354 924 443 989 idem
455 936 581 1006 tempus
596 925 634 989 L.
648 924 723 987 Piso
734 924 913 988 Proconsul
924 921 1075 987 interfici·

67 1018 119 1072 tur.
160 1010 211 1074 Eri
233 1010 275 1076 de
299 1009 385 1077 caede
408 1010 506 1094 quaint
528 1010 695 1074 verissime
719 1009 897 1092 expediam,
919 1011 948 1072 si
969 1027 1075 1093 pauca

68 1096 152 1178 supri
164 1095 329 1180 repetiero,
345 1097 385 1159 ab
399 1095 491 1160 initio
506 1095 675 1177 causisque
689 1093 805 1158 talium
816 1094 997 1158 facinorum
1005 1112 1074 1160 non

68 1179 199 1245 absurde.
248 1179 351 1267 Legio
373 1181 406 1245 in
430 1178 541 1246 Atriot
563 1180 751 1264 auxiliaque
778 1179 918 1244 tutandis
944 1178 1075 1262 Imperii

67 1262 182 1347 linibus,
196 1267 260 1331 sub
280 1266 366 1331 Divo
381 1269 529 1351 Augusto
554 1266 753 1349 Tiberioque
768 1265 980 1349 Principibus,
998 1266 1075 1329 Pro-

66 1352 179 1416 consuli
193 1352 358 1436 perabant.
403 1351 482 1418 Mox
497 1350 595 1416 Caius
611 1352 730 1433 Caesar,
746 1350 893 1415 turbidus
909 1350 1072 1428 animine

67 1432 104 1498 Μ.
117 1435 273 1515 Silenum,
289 1434 486 1501 obtinentem
499 1435 651 1517 Africam,
672 1448 828 1517 metuens,
843 1436 982 1500 ablatam
996 1435 1073 1499 Pro·

66 1523 178 1586 consuli
202 1522 372 1609 legionem,
395 1519 493 1586 misso
521 1522 556 1586 in
585 1541 657 1586 eam
685 1541 753 1588 rem
783 1523 904 1607 Legato
929 1519 1070 1585 tradidit.

67 1604 213 1690 AEqustus
228 1608 311 1673 inter
325 1607 406 1671 duos
415 1606 643 1672 beneficiorum
659 1625 822 1686 numerus,
832 1616 865 1671 et
874 1606 984 1671 mixtis
996 1605 1073 1670 utri·

66 1708 154 1774 utque
168 1691 338 1772 mandatis,
353 1691 514 1756 discordia
526 1692 672 1775 quaesita,
687 1703 844 1774 auctaque
858 1711 958 1774 pravo
973 1701 1073 1755 certa·

65 1773 148 1842 miae.
192 1779 391 1865 legatorum
412 1776 463 1842 vis
485 1776 626 1842 adolevit
650 1776 862 1840 diuturnitate
885 1775 992 1856 officii,
1018 1776 1072 1841 vel

64 1860 129 1941 quia
152 1862 333 1927 minoribus
362 1861 464 1944 major
494 1860 671 1927 aemulandi
699 1880 797 1946 cura3
835 1861 1073 1928 Proconsulum

64 1947 330 2099 ερΙεηᾶίιξὲἓίωυι
345 1948 481 2033 quisque
495 1946 660 2012 securitati
676 1947 786 2035 magis,
808 1965 907 2031 quern
925 1945 1073 2031 potentie

65 2036 186 2100 consule
252 2044 274 2097 t.

98 2119 222 2186 XLIX.
244 2118 309 2184 Sed
323 2129 395 2184 tum
416 2118 578 2206 legionem
600 2119 634 2184 in
651 2118 761 2185 Africi
780 2119 909 2204 regebat
921 2117 1070 2185 Valerius

65 2200 178 2284 Festus,
191 2216 367 2270 sumtuose
381 2203 614 2286 adolescentiae,
629 2225 733 2288 neque
745 2205 872 2270 modica
882 2205 1026 2288 cupiens,
1039 2214 1073 2270 et

65 2287 208 2354 affinitate
223 2290 344 2354 Vitellii
359 2289 486 2355 anxius.
529 2291 562 2354 Is
576 2291 695 2355 crebris
709 2290 910 2356 sermonibus
931 2299 1073 2356 tentave-

65 2371 137 2438 ritne
151 2376 304 2440 Pisonem
318 2375 424 2439 adres
446 2395 555 2458 novas,
578 2395 620 2440 an
641 2376 774 2440 tentanti
787 2376 942 2456 restiterit,
966 2376 1069 2442 incer·

65 2465 141 2543 lum3
163 2461 321 2544 quoniam
341 2471 462 2525 secreto
477 2480 590 2525 eorum
612 2481 706 2526 nemo
721 2461 821 2541 affuit,
837 2471 877 2540 et,
897 2460 1004 2525 occiso
1020 2460 1074 2526 Pi·

65 2560 141 2626 sone,
157 2544 306 2628 plerique
320 2546 361 2610 ad
375 2546 511 2643 gratiam
526 2546 734 2612 interfectoris
753 2547 959 2612 inclinavere.
1002 2546 1074 2614 Nec

64 2629 235 2716 ambigitur,
250 2631 450 2713 provinciam
464 2640 495 2695 et
516 2631 650 2696 militem
672 2634 808 2698 alienato
831 2651 910 2716 erga
926 2633 1073 2716 Vespasi-

64 2730 152 2781 anum
167 2715 276 2780 animo
288 2715 404 2781 fuisse:
425 2715 599 2799 etquidem
610 2738 628 2781 e
639 2717 829 2800 Vitellianis,
841 2720 919 2782 urbe
931 2718 1070 2804 profugi,

65 2803 255 2865 ostentabant
271 2801 382 2866 Pisoni
406 2810 574 2867 ‘nutantes
591 2804 725 2883 Gallias,
740 2816 884 2887 paratam
904 2805 1073 2869 Germani·

63 2900 117 2963 am,
138 2886 283 2969 pericula
297 2886 406 2970 ipsius,
430 2898 461 2950 et
485 2888 519 2952 in
539 2907 617 2974 paee
639 2890 785 2973 suspecta
807 2891 907 2953 tutius
929 2888 1071 2955 bellum!

65 2965 144 3034 Inter
157 2992 232 3054 quae
250 2971 407 3038 Claudius
417 2973 551 3057 Sagitta,
566 2974 738 3040 Praeiectua
752 2975 811 3037 alae
826 2974 970 3052 Petrinae,
985 2972 1079 3056 pros*

64 3054 132 3132 pera
162 3056 369 3142 navigatione
397 3059 552 3142 praevenit
582 3060 753 3142 Papirium,
785 3059 1023 3138 centurionem,
1053 3082 1073 3128 a

65 3135 208 3206 Muciano
224 3142 367 3222 missum,
388 3144 643 3226 asseveravitque
669 3143 838 3208 ‘mandate
858 3142 1072 3213 interficiendi

65 3220 183 3290 Pitonia
198 3228 387 3293 centurioni
409 3228 492 3292 deta.
538 3228 697 3295 Cecidisse
720 3229 939 3310 Galerianum,
958 3250 1071 3300 conso·

65 3304 187 3402 brinum
200 3311 271 3394 ejus
285 3332 513 3399 generumque.
556 3315 665 3380 Unam
680 3316 714 3378 in
729 3313 863 3378 audaciia
877 3333 966 3399 spem
984 3319 1071 3384 salu·

64 3399 108 3456 tls.
146 3397 212 3462 Sed
225 3397 291 3462 duo
306 3398 420 3462 itinera
442 3398 603 3482 audendi,
627 3420 684 3464 seu
711 3400 820 3463 mallet
840 3402 947 3465 statim
970 3422 1068 3485 arma,

66 3495 116 3542 eeu
133 3483 228 3566 petitia
243 3484 380 3548 navibus
396 3485 514 3565 Gallia,
530 3486 658 3550 Ducem
677 3505 712 3549 se
726 3485 906 3550 Vitellianis
925 3490 1070 3553 exerciti·

66 3557 334 3633 bus‘ostenderet!
377 3570 468 3635 Nihil
495 3570 535 3634 ad
556 3591 597 3635 ea
621 3582 707 3635 moto
730 3572 857 3648 Pisone,
880 3572 1034 3633 Centurio
1049 3592 1070 3635 a

67 3642 208 3720 Muciano
227 3652 354 3738 mussas,
380 3665 417 3721 ut
439 3655 795 3803 portummperthaginis
816 3653 928 3737 attigit,
950 3654 1068 3734 magna
1095 3642 1099 3655 ¹
