2392 4050
143 235 183 299 A.
201 240 238 299 C.
253 236 320 324 aa]
449 235 599 299 Hrsrca.
615 234 694 299 Lae.
710 234 861 298 Paratus.
1141 230 1163 294 3

142 427 206 473 ncc
231 406 360 490 injurii,
382 406 512 503 cogniti·
557 406 756 495 Dignitatem
776 404 1163 488 uestramaVaapasiano

141 493 338 574 inchoatam,
353 514 374 557 a
388 493 467 558 'l'tto
488 502 625 573 aucum,
641 513 661 556 a
675 491 861 557 Domitiano
885 490 1012 578 longius
1035 510 1164 573 provec-

143 588 222 657 tam,
238 599 303 644 non
317 579 506 643 abnuerim:
528 579 584 644 scd
595 578 815 660 incorruptam
829 576 928 642 fidam
945 575 1088 660 pascasio,
1103 594 1164 640 nec
1189 618 1192 633 .

142 683 256 731 amora
269 664 441 748 quisquam
455 676 486 728 et
499 663 569 728 sine
583 664 658 728 odio
671 662 828 727 dicendus
841 673 898 727 cst.
941 660 1044 733 Qudd
1057 661 1086 725 si
1097 661 1166 725 vita

142 749 335 833 suppeditet,
350 751 572 830 Principatnm
594 749 672 813 Divi
689 749 814 830 Nervae,
830 760 863 812 et
884 746 1061 832 Imperium
1082 745 1166 811 'Pra-

139 833 225 915 jani,
250 837 429 900 uberiorem
453 834 710 919 securioremque
736 833 912 914 mammam,
935 832 1093 899 senectuti
1118 851 1166 897 sa·

143 920 260 1004 posui:
284 922 355 989 rara
371 932 552 1004 temporum
568 920 730 1003 felicitate,
744 920 811 1000 ubi,
836 918 955 985 sentire
975 938 1047 1003 qua
1070 917 1165 999 velis,

143 1017 186 1086 et,
203 1027 278 1089 qnae
292 1006 411 1073 sentias
424 1007 540 1085 dicere,
556 1005 639 1070 licet.

189 1093 234 1157 11.
267 1093 358 1175 Opus
386 1091 554 1179 aggredior
583 1092 729 1175 opimum
753 1091 1005 1242 casilffipox
1036 1087 1167 1174 preliis,

141 1177 268 1242 discors
282 1177 500 1257 seditionibus,
524 1177 593 1261 ipsa
614 1178 712 1241 etiam
732 1197 810 1260 pace
962 1224 970 1240 .
1014 1179 1168 1249 Quatucr

142 1263 314 1348 Principes
330 1263 598 1337 serrantcremti.
644 1262 750 1327 Trina
772 1263 857 1335 bella
870 1262 990 1340 civilia,
1006 1263 1100 1346 plura
1113 1278 1170 1324 cx·

144 1359 239 1413 terna
254 1370 292 1413 ac
307 1350 494 1432 plerumque
509 1347 677 1433 permixta
722 1347 887 1433 Prosperae
907 1347 942 1410 iu
958 1347 1100 1424 Oriente,
1114 1345 1170 1409 ad·

143 1454 250 1499 versae
269 1435 304 1499 iu
327 1434 504 1500 Occidente
526 1454 585 1498 res.
629 1434 817 1498 Turbatam
837 1433 1026 1518 Illyricum:
1050 1431 1169 1497 Galliae

143 1530 318 1584 nutantes:
342 1520 519 1604 perdomita
540 1519 710 1584 Britannia
730 1529 762 1582 et
782 1518 892 1583 statim
912 1513 1029 1584 missa:
1051 1527 1170 1583 cnonas

142 1606 179 1670 iu
196 1626 256 1670 nos
272 1607 492 1672 Sauuatarum
506 1625 544 1668 ac
556 1607 742 1670 suevorum
755 1618 885 1692 gentes:
907 1604 1095 1669 nobilitatus
1106 1603 1171 1668 cla·

143 1691 243 1756 dibus
255 1690 375 1755 mutuis
385 1691 504 1757 Dacos.
549 1691 640 1756 Mota
653 1692 857 1775 etiampropi
868 1690 1170 1769 Parthorumarma,

55 1808 59 1815 ·
145 1776 222 1841 salsi
238 1777 377 1842 Neronis
399 1777 547 1843 ludibrio.
592 1778 666 1841 Jam
687 1777 763 1841 verb
786 1776 879 1842 ltalia
896 1775 991 1842 novis
1012 1772 1170 1855 cladibus,

146 1865 202 1926 vel
232 1873 304 1947 post
333 1864 466 1949 longam
489 1862 687 1927 sacculorum
714 1862 829 1926 seriem
863 1860 1011 1944 repetitis,
1041 1859 1171 1924 afflicta

124 1947 284 2027 Jlaustae
300 1958 357 2011 aut
371 1950 493 2012 obrutae
516 1948 622 2032 urbes,
637 1945 881 2011 fecundissima
902 1944 1090 2030 Campaniae
1105 1944 1172 2011 cria.

149 2035 233 2101 Urbs
256 2034 414 2102 incendiis
426 2045 557 2112 uastata,
572 2032 751 2098 consumtis
766 2031 999 2116 antiquissimis
1020 2031 1172 2112 delubris,

148 2119 220 2204 ipso
235 2119 395 2204 Capitolio
410 2119 534 2184 civium
545 2118 695 2183 menibus
707 2117 858 2183 incenso:
880 2116 1174 2201 polluttnpaerimc·

147 2205 233 2271 niae:
257 2225 376 2292 magna
392 2203 567 2269 adulteria:
590 2206 726 2286 plenum
739 2202 847 2267 exiliis
862 2222 968 2269 mare:
990 2203 1099 2269 infecti
1112 2221 1173 2269 cm·

148 2292 245 2357 dibus
269 2291 405 2374 scopuli.
459 2290 607 2358 atrocius
630 2289 664 2351 in
687 2289 766 2352 urbs
791 2288 951 2354 soevitunr.
1004 2289 1174 2367 Nobilitas,

149 2396 236 2461 opes,
251 2376 360 2441 omissi
375 2375 521 2469 gestique
536 2376 675 2439 honores
689 2393 748 2456 pro
767 2374 913 2454 crimine,
928 2374 1174 2523 eiplfflfillm

149 2460 525 2541 cermdmrmerfflium.
570 2460 640 2525 Nec
663 2460 768 2523 minias
805 2457 1174 2526 raemiadcatotumin·

149 2548 230 2627 visa,
245 2549 343 2631 quim
356 2549 495 2629 scelera3
519 2546 593 2612 cirm
608 2544 663 2608 alii
676 2479 863 2609 Sacerdotis
873 2555 905 2608 et
916 2545 1125 2620 Consulatus,
1136 2555 1175 2609 ut

149 2633 264 2716 spolia,
280 2632 395 2715 adepti,
412 2632 657 2696 procurationes
672 2629 728 2694 alii
742 2640 774 2694 et
787 2630 973 2695 interiorem
987 2631 1173 2715 potentiam,

149 2729 292 2805 agerent,
314 2727 474 2782 verterent
497 2728 615 2787 cuncta
640 2715 714 2780 odio
736 2730 767 2780 et
791 2728 920 2781 terrore.
964 2716 1115 2799 Corrupti
1139 2715 1174 2780 iu

150 2804 301 2869 dominos
316 2803 412 2884 servi,
427 2802 461 2866 in
476 2814 627 2888 manuos
647 2801 752 2865 liberti
766 2823 774 2884 3
797 2812 837 2881 et,
851 2800 1175 2906 thQffli·

145 2887 653 2977 mcquaQricoscppressi.
698 2889 771 2953 No‘u
793 2898 899 2952 tamen
922 2888 1002 2951 adeo
1016 2897 1175 2953 virtutum

151 2975 260 3041 sterile
274 2977 442 3054 saeculum,
458 2985 494 3038 ut
509 2993 573 3038 uon
587 2985 619 3036 et
633 2974 718 3038 bona
731 2975 880 3058 exempla
894 2971 1076 3059 prodiderit.

196 3061 257 3126 111.
282 3060 448 3125 Comitatae
462 3058 614 3146 profugos
630 3058 746 3124 liberos
756 3069 891 3123 matres:
914 3069 1034 3125 secutae
1044 3058 1175 3124 maritos

152 3150 188 3213 in
202 3145 304 3211 exilia
314 3145 488 3233 conjuges:
512 3144 682 3228 propinqui
694 3144 866 3209 audentes:
890 3153 1070 3210 constantes
1080 3164 1175 3226 gena·

155 3233 203 3297 ri:
226 3242 412 3310 contumax,
427 3232 524 3295 etiam
539 3230 690 3296 adversius
705 3243 752 3295 tor
786 3239 870 3310 enta,
892 3250 1060 3295 servorum
1074 3221 1174 3295 tides:

153 3337 313 3403 suprcmae
328 3319 491 3382 clarorum
503 3319 649 3382 virorum
671 3337 692 3381 n
795 3327 895 3399 tates;
919 3316 989 3398 ipsa
1002 3314 1175 3381 necessitas

155 3404 276 3469 sortiter
291 3404 442 3486 tolerata;
466 3414 498 3466 et
517 3402 654 3469 laudatis
676 3401 885 3484 antiquorum
906 3401 1061 3467 mortibus
1082 3419 1175 3483 pares

156 3489 271 3554 exitus.
316 3489 433 3554 Preter
463 3488 657 3572 multiplices
685 3508 794 3552 rerum
822 3487 1042 3551 humanarum
1070 3506 1174 3565 casus,

155 3576 407 3662 ooeltgmrrtqm
422 3574 575 3662 prodigia,
597 3585 630 3636 ct
650 3573 827 3637 fulminum
842 3572 994 3649 monitus,
1008 3581 1040 3635 et
1054 3570 1175 3634 futuro

54 3714 58 3723 .
90 3673 98 3684 ·
155 3680 232 3725 rum
255 3661 419 3746 praesagia,
443 3661 525 3741 laeta,
551 3658 663 3734 tristia,
688 3657 773 3721 ambi
798 3678 864 3731 na,⁵
875 3654 1051 3731 manifesta.
1105 3652 1175 3714 Nec

1 3738 23 3824 ,i
155 3746 247 3812 enim
260 3764 408 3830 uuquam
420 3744 631 3829 atrocioribus
646 3742 764 3826 Populi
837 3737 1095 3827 Quodibus,
1110 3753 1175 3796 ma-

2 3913 6 3940 l

764 3820 841 3841 μθ
