2392 4050
100 122 163 187 126
464 122 500 186 Ο.
517 121 627 186 Cosa.
643 80 781 187 Tacr‘rr
923 119 975 209 [A.
990 121 1028 190 U.
1042 120 1105 187 822.

102 291 428 361 canesconcordiam
437 292 531 358 victis
542 294 654 358 utilia:
669 293 846 359 victoribus
855 297 979 360 tantdm
987 294 1108 378 pulchra
1157 288 1158 339 i

102 398 181 443 esse.
225 380 262 445 si
285 378 507 445 conventionis
532 379 694 462 paeniteat,
740 398 783 442 ou
807 358 852 458 se,
876 399 977 461 quem
991 379 1107 462 perlidii
1157 402 1158 419 2

103 454 595 568 deceperitprrqpetereqlnon
619 463 726 529 filium
770 467 938 547 espasrani,
954 466 1013 530 vix
1026 466 1107 550 pube·

102 569 180 615 rem.
224 550 404 632 Quantum,
419 552 531 614 d'c'crsrs
545 569 614 614 uno
628 569 704 614 sene
718 560 750 614 et
764 569 831 614 uno
842 549 973 630 juvene,
990 549 1106 634 proficii

102 635 163 699 iret
177 635 305 701 obviim
319 635 499 722 legionibus
512 655 519 715 ;
535 644 566 697 et
581 634 621 698 de
632 636 759 699 summai
771 655 880 699 rerum
891 636 960 701 illic
972 646 1107 700 certaret:

102 732 208 785 cetera
221 721 398 786 secundrim
412 729 566 783 eventum
591 720 865 820 praelii(cessura.⁴l
903 720 1062 804 Trepidus
1074 718 1108 782 ad

103 805 173 870 heco
187 806 336 871 Vitellius
350 825 455 890 patrea
466 805 626 891 purgandi
637 804 688 868 'sui
700 805 799 876 causa
809 806 982 889 respondit,
992 808 1108 889 culpato

104 891 159 957 ‘iu
173 891 317 957 milltem’
332 890 508 971 conserens,
524 888 638 970 ‘cujus
652 890 753 954 nimio
764 890 871 956 ardori
886 892 1038 976 imparem
1050 909 1108 953 esse

104 976 292 1042 modestiam
302 977 414 1041 suam!
458 975 502 1039 Et
513 974 639 1040 monuit
650 977 895 1041 Martialem‘ut
904 997 959 1061 per
969 987 1109 1042 secretam

105 1061 226 1129 sedium
240 1072 361 1147 partem
374 1062 500 1125 occulte
515 1060 624 1141 abiret,
644 1080 685 1124 ne
699 1083 719 1124 a
733 1063 889 1128 militibus
903 1063 1113 1146 internuntius

105 1147 220 1212 invisae
245 1147 333 1232 pacis
355 1146 585 1211 interficeretur
597 1147 616 1209 :’
645 1146 713 1229 ipse
733 1168 838 1231 neque
857 1147 995 1228 jubendi
1018 1166 1109 1228 nsque

106 1232 236 1298 vetandi
246 1244 367 1319 potens,
376 1251 442 1297 non
453 1231 523 1313 jam
532 1231 717 1314 Imperator,
728 1234 783 1298 sed
794 1235 916 1298 tantum
926 1233 1005 1297 belli
1015 1251 1109 1311 carisa,

104 1326 181 1385 erat.

79 1400 272 1493 ,VLXXL
295 1402 454 1467 Vixdum
471 1420 614 1487 regresso
634 1401 670 1465 in
694 1402 881 1486 capitolium
902 1404 1056 1482 Martiale,
1067 1401 1109 1464 su-

88 1478 178 1554 ‘rens
194 1491 286 1555 miles
301 1490 417 1567 aderat,
439 1487 531 1551 nullo
546 1486 658 1552 Duce:
680 1489 740 1552 sibi
755 1488 892 1572 quisque
906 1501 1036 1554 auctor:
1055 1488 1108 1552 cito

106 1574 235 1660 agmine
249 1575 355 1643 forum
369 1584 401 1637 et
415 1571 617 1636 imminentia
631 1572 700 1636 foro
714 1576 832 1657 templa
853 1573 1047 1657 praetervecti
1059 1571 1108 1634 eri·

107 1669 190 1745 gunt
204 1660 308 1726 aciem
327 1678 383 1743 per
398 1657 572 1721 adversum
585 1659 710 1739 collem,
725 1679 826 1742 usque
842 1660 882 1722 ad
896 1661 1015 1743 primas
1028 1657 1108 1739 Capi-

107 1747 216 1811 tolinae
243 1749 325 1811 arcis
346 1743 437 1809 fores.
482 1742 586 1806 Erant
608 1743 779 1827 antiquitus
799 1746 942 1827 porticus
967 1744 1001 1809 in
1027 1744 1108 1806 latere

107 1833 194 1915 clivi,
224 1833 342 1898 dextrae
367 1828 601 1892 subeuntibus:
632 1830 829 1910 inquorum
858 1840 976 1895 tectum
1004 1825 1107 1913 egressi

107 1920 197 1983 saxis
210 1916 310 2016 reguli
348 1936 390 1979 ue
410 1912 599 1977 Vitellianos
616 1914 802 1978 obruebant.
846 1917 959 1999 Neque
977 1915 1038 1979 illis
1053 1932 1106 1976 mt-

108 2004 327 2089 nus,nis1gla
350 2001 389 2064 iis
403 2009 552 2064 armatae:
573 2008 606 2063 et
627 2018 785 2064 arcessere
800 2007 963 2084 tormenta,
979 2010 1032 2065 aut
1044 1997 1105 2062 mis·

105 2089 178 2153 silia
202 2091 275 2169 tela,
300 2091 434 2173 longum
459 2084 636 2149 videbatur.
701 2087 803 2149 Faces
829 2088 863 2149 in
888 2087 1105 2169 prominentem

106 2176 266 2257 porticum
283 2171 408 2253 jecere3
441 2180 472 2232 et
496 2172 711 2253 sequebantur
737 2172 866 2256 ignem;
899 2173 1106 2251 ambustasque

107 2259 249 2343 capitolii
268 2257 350 2324 sores
369 2254 595 2338 penetrassent,
617 2256 651 2320 ni
667 2256 807 2321 Sabinus
821 2258 965 2320 revulsas
979 2255 1105 2336 undique

103 2354 231 2425 statues,
246 2343 362 2408 decora
376 2340 542 2421 majorum,
558 2342 674 2425 inipso
689 2341 787 2420 aditu,
800 2343 871 2405 vice
883 2342 977 2420 muri,
991 2337 1105 2422 objecis

108 2442 164 2494 set.
208 2431 300 2495 Tum
322 2428 463 2493 diversos
487 2427 626 2509 capitolii
649 2427 755 2491 aditus
773 2426 940 2505 invadunt,
959 2426 1049 2507 juxta
1066 2426 1105 2488 lu·

108 2536 185 2580 cum
199 2516 291 2599 asyli,
306 2526 338 2578 et
352 2516 417 2597 qud
431 2512 571 2595 Tarpeia
584 2532 681 2595 rupes
697 2523 827 2577 centum
840 2512 991 2595 gradibus
1005 2511 1102 2575 aditur.

109 2602 289 2684 Improvise
306 2611 440 2683 utraque
454 2598 523 2680 vis;
547 2599 674 2681 propior
695 2608 789 2680 atquc
804 2599 904 2663 acrior
925 2618 981 2681 per
995 2598 1106 2681 asylum

108 2687 296 2771 ingruebat:
319 2705 378 2750 nec
401 2683 469 2748 sisti
489 2693 635 2767 poterant
660 2682 848 2747 scandentes
871 2703 926 2766 per
950 2683 1107 2764 conjuncta

108 2772 260 2837 aedificia:
282 2790 364 2854 quae,
389 2780 426 2834 ut
455 2770 488 2834 iu
513 2769 615 2833 mults
630 2789 717 2852 pace,
739 2769 772 2833 in
788 2770 889 2836 altum
902 2768 995 2847 edita,
1017 2769 1106 2831 solum

108 2858 249 2943 capitolii
270 2859 447 2941 aquabant.
491 2853 553 2919 Hic
570 2855 749 2939 ambigitur,
773 2854 882 2939 ignem
897 2854 988 2917 tectis
1002 2869 1106 2937 oppug-

107 2956 232 3011 natores
245 2942 420 3025 injecerint,
443 2962 486 3006 an
500 2939 629 3019 obsessi,
643 2959 715 3022 quae
730 2941 866 3004 crebrior
886 2938 973 3002 fania
986 2950 1040 3017 est,
1053 2932 1107 3018 qui

107 3032 244 3096 nitentes
259 3050 297 3095 ac
311 3048 493 3127 progressos
511 3027 713 3110 depellerent.
757 3024 836 3089 Inde
860 3026 970 3107 lapsus
988 3023 1067 3109 ignis
1079 3019 1107 3082 in

107 3118 246 3201 porticus
275 3126 433 3200 appositas
460 3112 605 3178 aedibus:
639 3131 716 3175 mox
740 3111 932 3174 sustinentes
958 3107 1107 3192 fastigium

108 3203 372 3285 Aquilae'vetere
401 3200 489 3285 ligno
519 3206 685 3261 traxerunt
707 3197 871 3261 flammam
898 3198 1105 3274 alueruutque.

109 3289 165 3354 Sic
180 3287 376 3370 capitolium,
391 3285 511 3349 clausis
521 3282 649 3365 foribus,
665 3282 868 3346 indefensum
878 3291 909 3344 et
920 3280 1104 3363 indireptum,

110 3372 328 3456 conflagravit.
1088 3443 1093 3453 Ι

152 3457 296 3521 LXXII.
318 3454 356 3518 Id
371 3454 496 3517 facinus
521 3464 592 3536 post
612 3453 774 3516 conditam
797 3453 910 3517 urbem
928 3447 1105 3517 luctuosissi-

109 3560 201 3606 mum
214 3540 488 3620 foedissimumque
501 3537 696 3621 Reipublicae
707 3538 819 3619 populi
833 3537 972 3602 Romani
987 3530 1103 3599 accidit:

107 3628 200 3690 nullo
221 3636 353 3690 externo
375 3624 474 3703 hoste,
489 3623 642 3708 propitiis,
664 3622 692 3684 si
706 3641 762 3706 per
776 3642 880 3687 mores
894 3633 1018 3689 nostros
1035 3619 1096 3683 lice
