2392 4050
14 162 16 235 ᾗ
54 207 208 296 scau]
317 207 469 274 Hisnorc
484 205 564 273 Lm.
579 207 778 274 Saenianus.
1010 212 1053 278 59

55 381 135 466 pone
147 381 315 468 digressas,
330 383 404 446 clim
417 379 619 445 Britanniam
632 390 784 464 paterent,
799 380 910 446 audito
932 381 1054 451 Vitellii

56 469 183 547 malmin
197 467 327 532 civitate
348 468 537 552 Lingonum
559 466 662 531 Fabio
684 467 810 534 Valenti
825 463 993 548 adjunctas
1006 488 1056 532 ra·

57 553 181 633 tulimus,
195 554 332 636 superbe
347 554 501 641 agebant3
524 561 561 617 ut
585 551 742 636 cujusque
766 553 904 638 legionis
918 555 1054 619 tentoria

56 640 253 718 accessissent,
283 639 455 703 ‘coercitos
479 659 499 702 a
522 657 557 701 ss
580 637 888 720 quartadecimanos,
915 637 1054 706 ablatam

56 723 159 788 Neroni
174 725 310 803 Italiam,
333 737 428 807 atque
442 742 571 788 omnem
585 723 663 787 belli
676 723 840 789 sonunam
860 724 894 787 in
909 723 1055 808 ipsorum

14 814 16 879 l
56 826 138 873 manu
162 809 274 890 sitam,‘
297 810 464 891 jactantes.
520 806 799 874 Contumeliosum
825 810 860 874 id
885 810 1053 890 militibus,

55 895 187 959 acerbum
209 896 315 959 Ducit
337 905 486 979 corrupta
503 893 621 979 jurffl'is
635 905 691 959 aut
704 895 784 959 rixis
797 895 989 980 disciplina:
1011 896 1055 962 ad

14 1046 16 1087 ι
54 990 236 1129 ρῖἒὲτοωιιω
259 981 418 1048 Valense
443 980 621 1064 petulantia
634 980 732 1045 eriam
744 980 1053 1067 perfidiamsuspae·

14 1212 16 1247 ,
89 1150 241 1215 XXVIII.
264 1151 368 1236 Igitur
390 1150 506 1216 nuntio
531 1151 638 1231 allato,
666 1151 810 1235 ‘pulsam
833 1151 1054 1219 Treverorum

14 1250 16 1253 ·
55 1235 130 1299 alam
142 1236 394 1323 Tungrosque‘a
406 1238 507 1301 classe
523 1236 660 1300 Othonis
674 1246 706 1299 et
720 1236 961 1302 Narbonensem
975 1239 1054 1302 Gal·

14 1364 15 1369 1
53 1320 121 1384 liam
132 1322 294 1386 circumiri
307 1326 326 1403 ;‘
346 1322 444 1387 simul
458 1321 538 1396 cura
550 1321 655 1385 socibs
671 1322 782 1386 tuendi
793 1332 825 1385 et
835 1322 966 1387 militari
980 1332 1053 1389 astu

53 1407 184 1470 cohortes
198 1408 350 1489 turbidas,
361 1428 408 1487 ac,
419 1408 446 1471 si
457 1406 524 1470 uni
538 1406 650 1486 forant,
661 1407 860 1491 praevalidas,
872 1407 1055 1496 dispergen-

51 1490 100 1572 di3
120 1503 239 1575 partem
260 1494 457 1559 Batavorum
476 1492 541 1557 ‘ira
556 1492 590 1556 in
605 1493 796 1558 subsidinm'
807 1494 907 1575 jubet.
951 1493 1054 1566 Quod

52 1577 101 1640 ubi
109 1578 252 1643 auditum
260 1581 503 1665 vulgatumque,
513 1598 645 1644 maerere
654 1578 742 1660 socii,
751 1579 884 1645 fremere
895 1581 1053 1677 legiones:

14 1740 16 1745 ⁴
49 1663 141 1727 orbari
153 1684 186 1727 se
207 1662 454 1728 fortissimorum
467 1664 615 1728 virorum
629 1664 771 1744 anxilio:
793 1676 917 1730 vetares
931 1668 1006 1742 11le
1021 1675 1054 1730 et

51 1759 91 1810 tot
103 1750 257 1814 bellorum
277 1748 424 1831 victores,
445 1759 614 1832 postquam
638 1750 672 1813 in
698 1759 871 1833 conspectu
885 1750 928 1813 sit
941 1751 1053 1829 bostis,

51 1830 130 1899 relut
142 1855 182 1898 err
197 1834 266 1900 acie
280 1834 417 1912 abduci:
439 1834 466 1897 si
481 1834 649 1917 provincia
662 1836 741 1899 urbe
756 1846 787 1899 et
800 1836 902 1900 salute
923 1835 1052 1920 Imperii

51 1920 142 1999 potior
155 1922 204 2001 sit,
229 1939 341 1984 omnes
364 1921 444 1985 illuc
458 1930 682 2003 sequerentur:
703 1920 755 1983 sin
769 1919 910 1985 victorias
924 1921 1053 2002 sanitas,

51 2008 302 2087 sustentaculum,
317 2008 466 2071 columen
481 2005 516 2071 in
532 2005 626 2070 Italia
639 2015 824 2088 verteretur,
838 2024 906 2071 non
926 2006 1053 2073 abrum-

52 2092 169 2172 pendes,
183 2104 220 2156 ut
234 2093 366 2176 corpori,
380 2092 592 2169 validissimos
607 2094 713 2156 artus!
730 2157 734 2162 ,
872 2142 875 2153 .
900 2140 931 2163 Α.
961 2152 965 2159 ,
1009 2139 1015 2151 .
1033 2108 1079 2151 ..κ’

89 2178 209 2243 XXIX.
235 2177 314 2242 Haec
342 2177 488 2242 ferociter
513 2177 674 2258 jactando,
704 2187 874 2262 postquam
899 2177 1052 2244 immissis

53 2260 216 2343 lictoribus,
238 2263 358 2326 Valens
379 2268 526 2328 coercere
551 2262 740 2328 seditionem
765 2260 930 2348 coeptabat,
945 2264 1053 2347 ipsum

51 2346 207 2428 invadunt,
219 2368 299 2412 saxa
308 2349 443 2430 jaciunt,
453 2348 630 2432 fugientem
641 2362 829 2431 sequnntur,
845 2350 967 2431 ‘spolia
976 2350 1054 2415 Gal·

50 2431 157 2498 liamm
170 2444 201 2498 et
216 2433 449 2499 Viennensium
463 2453 580 2497 aurum
593 2444 625 2497 et
639 2433 740 2516 pretia
760 2435 908 2499 laborum
920 2455 1054 2502 suorum

14 2565 16 2594 ,
51 2520 219 2599 occultare,’
234 2521 441 2601 clamitantes,
456 2518 587 2601 direptis
601 2519 744 2599 sarcinis,
766 2519 970 2585 tabernacula
984 2522 1053 2585 Du-

52 2603 101 2683 cis,
113 2603 277 2689 ipsamque
291 2606 430 2671 humum
444 2604 519 2688 pilis
541 2613 572 2666 et
595 2605 714 2669 lanceis
739 2605 953 2669 rimabantur:
976 2624 1054 2670 nam

52 2688 159 2754 Valens
171 2691 281 2756 servili
295 2701 383 2755 veste
397 2691 482 2773 apud
497 2689 713 2754 Decurionem
724 2690 891 2774 equitumt
950 2691 1052 2756 batur.

54 2773 135 2840 'Pura
145 2777 316 2858 Alphenus
325 2777 439 2855 Varus,
455 2774 626 2841 Praefectus
648 2787 835 2857 castromm,
857 2775 896 2840 de
920 2787 1052 2873 agranta

53 2863 194 2938 paulatim
207 2861 371 2940 seditione,
394 2861 482 2926 addit
502 2861 683 2942 consilium,
704 2861 809 2927 vetitis
822 2862 910 2925 obire
925 2862 1054 2949 vigilias

54 2944 299 3027 centurionibus,
314 2948 431 3011 omisso
446 2947 530 3011 tube
541 2966 629 3025 sono,
646 2967 709 3028 quo
730 2949 821 3012 miles
836 2947 877 3011 ad
891 2948 969 3011 belli
983 2966 1053 3013 rnu-

54 3031 102 3093 nia
111 3032 219 3097 cietur.
262 3033 365 3119 Igitur
380 3043 503 3116 torpere
515 3032 633 3111 cuncti,
645 3033 908 3116 circumspectare
922 3032 1005 3096 inter
1018 3052 1053 3096 se

54 3118 187 3182 attoniti:
209 3128 240 3183 et
255 3118 287 3182 id
303 3119 418 3202 ipsum,
442 3117 529 3202 qubd
552 3137 648 3182 nemo
667 3127 798 3203 regeret,
822 3128 993 3200 paventes:
1013 3117 1054 3182 si·
1096 3134 1100 3141 ·

55 3198 149 3278 lentio,
163 3204 323 3287 patientia,
345 3205 502 3288 postremo
525 3202 673 3285 precibus
699 3223 736 3267 ac
758 3202 909 3286 lacrymis
922 3203 1055 3270 veniam

55 3292 235 3378 quaerebant.
279 3291 323 3354 Ut
349 3290 425 3354 verb
451 3288 602 3357 deformis
625 3298 656 3350 et
676 3288 756 3353 flens
780 3300 813 3353 et
836 3298 950 3371 preter
963 3310 1054 3374 spem

56 3375 213 3439 rncolnmis
238 3376 356 3440 Valens
378 3375 540 3457 processit,
560 3373 725 3458 gaudium,
747 3374 916 3454 miseratio,
940 3374 1052 3441 saror:

56 3459 130 3521 tersi
150 3461 184 3525 in
206 3462 357 3541 laetitiam,
380 3464 430 3548 (ut
453 3473 501 3525 est
522 3459 642 3544 vulgus
663 3473 798 3542 utroque
821 3459 1054 3546 immodicum)

57 3539 208 3619 laudantes
221 3557 454 3633 gratantesque,
469 3544 705 3610 circumdatum
718 3546 834 3629 aquilis
845 3545 1007 3631 signisque
1019 3546 1054 3610 in

55 3626 183 3699 nibunal
197 3633 313 3697 ierunt.
356 3633 416 3697 llle
439 3633 511 3696 utili
536 3629 749 3694 moderatione
770 3651 837 3695 non
859 3631 1056 3711 supplicium

57 3711 236 3801 cujusquam
249 3717 409 3803 poposcit:
431 3739 469 3782 ac
482 3738 524 3782 ne
545 3715 753 3781 dissimulans
777 3710 952 3797 suspectior
965 3712 1054 3789 soret,
