2392 4050
69 172 104 239 A.
119 172 153 239 C.
168 173 233 263 69.]
337 173 489 239 Hieros.
503 172 582 238 Lis.
596 172 797 239 Sacasani.
1033 172 1076 240 81

60 346 149 410 tendi
168 346 230 411 sibi
255 346 430 430 Imperium
454 346 609 412 credebat
653 345 714 409 Est
733 343 881 410 Judaeum
893 342 975 409 inter
989 344 1078 429 syri-

69 451 176 514 amque
204 434 382 513 Oarmelus,
407 433 453 496 ita
478 440 598 496 vocant
626 441 769 496 montem
798 430 988 513 Deumque:
1016 450 1078 496 nec

67 517 272 582 simulacrum
286 518 357 583 Deo
379 528 435 582 aut
457 518 614 601 ternplum
638 516 738 594 situm
752 515 908 581 tradidire
922 514 1076 598 majores,

67 621 148 667 aram
161 605 287 668 tantiam
307 613 339 668 at
353 604 574 668 reverentiam.
617 602 695 688 Illic
716 601 909 668 sacrificanti
934 601 1078 684 Vespasi-

65 706 131 768 ano,
145 709 223 755 cum
235 708 309 772 spes
330 692 473 754 occultas
496 689 640 755 versaret*
654 673 773 768 anisio:
797 686 953 752 Basilides
966 687 1078 752 Sacer·

64 771 123 853 dos,
149 774 303 859 inspectis
327 774 503 839 identidem
530 774 623 854 extis,
653 773 839 858 ‘Quicquid
868 775 933 854 eat,’
961 773 1076 857 inquit,

65 859 281 944 ‘Vespasiane
295 860 383 944 qnod
396 879 498 945 paras,
512 880 571 924 seu
592 860 727 925 domum
747 871 918 938 exstruere,
933 878 991 924 seu
1005 877 1077 941 pro-

65 942 156 1010 latare
181 965 287 1032 agros,
313 947 383 1010 sive
407 946 561 1030 ampliare
586 945 726 1025 servitia,
755 945 850 1009 datur
880 945 936 1009 tibi
958 963 1078 1029 magna

62 1029 154 1111 sedes,
169 1032 318 1118 ingentes
338 1031 476 1111 termini,
499 1033 640 1096 multum
653 1030 843 1096 hominum!
886 1031 955 1095 Has
970 1031 1077 1094 araba·

62 1133 112 1200 ges
124 1126 156 1179 et
170 1119 282 1182 statim
294 1128 464 1200 exceperat
474 1113 613 1196 similat
626 1126 706 1180 tune
715 1116 894 1203 aperiebat:
916 1136 977 1181 nec
987 1116 1076 1200 quic·

61 1213 153 1281 quam
177 1202 282 1290 megaris
307 1203 340 1266 in
365 1223 420 1268 ore
444 1201 555 1288 vulgi:
577 1201 750 1270 crebriores
773 1202 861 1285 apud
884 1202 991 1286 ipsum
1011 1207 1111 1266 ser-‘e'

61 1303 185 1354 mones:
207 1288 331 1371 quanti
344 1288 545 1370 sperantibus
559 1286 832 1370 plupadicuntur.
992 1335 1019 1356 ,,
1093 1281 1099 1324 ¹

97 1372 258 1441 LXXIX.
280 1372 378 1446 Haud
393 1365 493 1439 d'ubiai
507 1372 721 1458 destinatione
735 1372 927 1442 discessiset
949 1371 1075 1438 Mucia·

60 1473 116 1523 nus
130 1459 349 1539 Antiochiam,
364 1457 580 1541 Vespasianus
592 1460 790 1532 cesaream:
813 1460 871 1523 illa
884 1443 997 1543 Syria,
1004 1459 1075 1522 hec
1172 1477 1173 1528 3

61 1541 172 1615 Judaeae
187 1555 286 1631 caput
300 1555 357 1609 est.
400 1543 538 1614 Initium
556 1530 742 1625 seii‘eiid'ud
763 1544 998 1629 Vespasianum
1012 1544 1075 1608 Im·

60 1630 133 1708 perii
147 1630 356 1697 Alexandriae
371 1640 523 1714 emptum,
544 1631 715 1694 festinante
730 1629 863 1695 Tiberio
878 1629 1073 1710 Alexandro,

60 1713 111 1794 qui
124 1716 285 1782 Kalendis
300 1714 397 1782 Juliis
409 1726 611 1780 sacramento
625 1714 695 1796 ejus
710 1715 853 1802 legiones
867 1715 983 1800 adegit.
1028 1715 1074 1796 132

60 1816 117 1879 qua
143 1802 271 1885 primns
300 1800 597 1884 Principetdadies
610 1800 660 1878 „in
689 1812 852 1882 posterum
884 1799 1072 1878 celebratus,

59 1889 202 1965 quamvis
217 1886 375 1954 Judaicus
400 1886 561 1952 exercitus
582 1885 833 1972 quintulVonas
858 1886 963 1951 Julius
986 1883 1073 1968 apud
1164 1931 1173 1968 4

59 1966 160 2052 ipsum
171 1973 321 2056 jnrtsset,
337 1991 375 2037 eo
390 1972 511 2054 ardore,
533 1982 570 2037 ut
593 1990 635 2036 ne
659 1970 758 2036 Titus
772 1970 903 2054 quidem
916 1970 1006 2037 filius
1018 1988 1073 2034 ex-

60 2069 243 2142 pectaretur,
265 2059 360 2144 syris
382 2077 536 2140 remeans,
561 2069 594 2125 et
615 2058 825 2125 consiliorum
849 2058 932 2122 inter
947 2055 1072 2122 Muciass

60 2157 136 2208 num
150 2165 191 2209 ac
214 2156 339 2229 patrem
360 2145 662 2293 puntiQenncta
684 2142 806 2226 impetu
831 2143 1069 2209 militumactt:
1143 2218 1152 2227 ι

57 2242 118 2292 non
132 2231 245 2312 paraui
259 2228 425 2310 cinciana,
437 2248 532 2293 nnnc
551 2227 696 2317 ajunctis
707 2228 899 2314 legionibus.
918 2285 921 2292 .
1160 2272 1173 2293 ..

95 2313 239 2381 LXXX.
262 2318 353 2382 Dum
367 2315 522 2399 quaeritur
543 2325 670 2397 tempus
692 2314 857 2398 locusque,
871 2313 1021 2399 qnodque
1035 2311 1072 2377 in

58 2401 161 2482 rejali
174 2400 413 2481 difficillimum,
428 2400 624 2489 primayox,
636 2399 715 2464 dum
730 2400 839 2464 animo
862 2419 943 2482 spes,
966 2398 1070 2479 timo'i',

57 2484 141 2566 tatio,
153 2505 247 2552 casus
259 2488 485 2569 obversantur;
501 2505 667 2572 egressum
677 2484 827 2550 cubiculo
838 2484 1072 2568 Vespasianum

57 2569 148 2649 pauci
163 2572 296 2659 milites,
305 2573 399 2636 solitu
412 2572 593 2653 assistentes
608 2569 728 2650 ordine,
754 2581 791 2636 ut
813 2571 974 2666 Legatum
987 2569 1072 2634 salu·
1172 2594 1173 2597 ¹

57 2654 156 2736 taturi,
173 2658 415 2745 inspectorem
436 2657 625 2723 salutavere.
670 2656 761 2722 Tum
780 2667 878 2721 ceteri
892 2673 1069 2735 accurrere,

62 2738 225 2809 Caesarem
239 2753 272 2807 at
287 2745 494 2828 Augustum,
513 2754 545 2806 et
565 2748 675 2825 omnia
695 2742 897 2828 Principalis
911 2741 1071 2806 vocabula

59 2829 239 2907 cumulare,
257 2847 350 2921 prens
365 2850 385 2892 a
398 2839 486 2893 metu
501 2826 716 2893 adsortunam
729 2830 906 2897 transierat.
949 2827 987 2890 In
1000 2825 1104 2908 ipsos
1158 2878 1173 2911 a

59 2909 132 2977 nihil
147 2901 320 2993 tuniiduln,
335 2934 497 3001 arrogans,
512 2913 617 2978 autin
632 2915 728 2979 rebus
750 2915 845 2978 novis
859 2931 984 2978 novum
997 2909 1069 2975 suit.

58 2992 244 3090 {ltprimum
269 3008 367 3063 tantae
380 2999 613 3065 vicissitudinis
627 3000 765 3067 offusam
778 2999 881 3066 oculis
896 2996 1071 3093 caliginem

57 3078 179 3164 disjecit,
194 3084 373 3149 militariter
395 3086 531 3165 locutus,
554 3085 627 3150 lata
648 3085 757 3169 omnia
782 3096 813 3149 et
835 3083 1069 3149 affluenuaex·
1172 3134 1173 3157 ,

58 3169 150 3248 cepit:
172 3189 313 3251 namque
336 3168 370 3233 id
393 3171 499 3253 ipsum
524 3167 693 3252 opperiens
718 3168 902 3249 Mucianus,
928 3168 1070 3233 alacrem
1172 3218 1173 3229 ,

57 3250 183 3318 militem
197 3255 232 3320 in
247 3256 346 3318 verba
368 3254 555 3338 Vespasiani
576 3250 708 3340 adegit,
737 3254 829 3333 Tum
843 3252 1069 3321 Antiochensi·
1172 3318 1173 3333 ,

57 3351 107 3401 um
119 3340 281 3404 theatrum
295 3339 468 3426 ingressus,
490 3339 545 3403 ubi
560 3339 626 3417 illis
641 3341 823 3405 consultare
838 3360 908 3407 mos
921 3351 978 3419 est,
993 3359 1068 3406 con·
1171 3354 1173 3391 l

57 3437 209 3505 currentes
223 3435 256 3489 et
280 3424 315 3489 in
329 3425 548 3490 adulationem
561 3424 681 3493 effusos
696 3424 890 3510 alloqmtur:
912 3426 990 3489 satis
1011 3424 1066 3490 de·
1172 3460 1173 3477 2

59 3525 142 3576 corus
158 3512 258 3576 etiam
274 3511 389 3575 Graes
400 3509 562 3591 facundii,
577 3511 799 3593 omniumque,
813 3531 884 3595 quaa
896 3510 1069 3575 diceretat·
1170 3482 1173 3523 ⁴

58 3609 112 3672 que
123 3607 239 3684 ageret,
254 3595 478 3680 artaqnaidam
492 3604 674 3660 ostentator.
718 3595 810 3662 Nihil
833 3597 925 3677 aeque
940 3595 1070 3676 provin·
1172 3634 1173 3649 .

60 3677 132 3750 aum
145 3683 388 3768 exercitumque
403 3680 558 3762 accendit,
571 3681 705 3765 quimq
728 3678 770 3746 ad
785 3679 986 3745 asseverabat
998 3674 1070 3740 Mu·
1170 3654 1173 3711 ⁴

1125 1087 1159 1130 N
