2392 4050
135 214 199 282 132
474 217 512 282 0.
528 218 639 283 Gonu.
654 214 789 283 Tactus
949 216 998 305 [t.
1011 217 1047 282 U.
1058 214 1115 279 822

134 388 269 455 Ducum
290 390 522 475 praestantibus,
547 387 662 474 sepius
677 408 835 473 prospera.
879 390 907 454 Ii
931 389 1046 456 tanum
1063 407 1120 453 ecn-

133 474 246 540 dictats‘
259 486 343 558 sunt,
357 476 414 560 qui
428 476 462 541 in
473 485 595 559 partem
606 475 765 540 sinistram
775 474 872 552 urbis,
884 475 925 539 ad
935 475 1119 540 Sallustianos

133 562 251 640 hortos,
267 580 323 646 per
337 573 471 660 angusta
491 571 523 626 et
545 561 672 624 lubrica
686 560 812 624 viarum
825 560 990 625 flexerant.
1029 562 1120 643 Super-

131 656 254 710 stantes
282 648 427 712 macariis
450 649 618 712 hortorum
643 645 814 726 Vitelliani,
839 646 881 711 ed
909 665 1017 712 serum
1043 664 1119 728 usque

131 731 231 812 diem,
245 732 333 796 saxis
345 734 481 818 pilisque
495 734 669 795 subeuntes
682 732 852 795 arcebant:
874 729 978 797 donec
1001 733 1038 796 ab
1056 732 1120 814 equi·

132 816 228 898 ubba,
257 818 314 901 qui
342 818 435 903 portis'
456 817 586 882 Collina
614 817 802 900 irruperant,
830 818 1120 895 circumvenirentur.

134 903 335 968 Concurrere
348 915 380 967 et
393 904 426 968 in
441 922 555 985 campo
570 902 687 966 Martio
713 900 835 966 infesta
859 903 953 967 acies.
997 905 1055 967 Pru
1069 904 1121 970 Fla

133 988 239 1053 viauia
253 988 400 1052 Fortuna
413 1000 444 1052 et
458 998 549 1071 parta
562 987 677 1052 totiens
687 986 840 1069 victoria3
864 988 1028 1052 Vitelliani
1038 991 1121 1070 dsspe

132 1073 254 1138 Mene
269 1073 337 1137 solii
352 1075 503 1139 mebant:
524 1082 557 1135 et
568 1091 756 1157 quanquam
780 1072 874 1155 pulsi,
890 1092 1003 1139 rirrsus
1019 1077 1051 1139 in
1063 1075 1121 1138 urbe

129 1176 251 1244 congre
274 1161 418 1224 abantur.

176 1178 366 1310 LXJXmlI.
388 1242 508 1309 Aderat
520 1242 739 1329 pugnantibus
760 1252 916 1328 spectator
937 1247 1077 1330 populus,
1087 1253 1124 1307 ut·

131 1347 196 1413 que
220 1328 254 1393 in
282 1329 407 1394 ludicro
421 1330 604 1409 certamine,
629 1329 696 1409 hos,
722 1346 834 1392 rursus
859 1329 932 1394 ilios
955 1333 1084 1396 clamore
1100 1340 1125 1392 et

132 1416 248 1512 plausu
271 1413 416 1479 fovebat:
438 1415 585 1498 quotiens
611 1431 683 1496 pars
696 1415 796 1478 altera
817 1413 1011 1498 inclinasset,
1026 1416 1125 1481 abditos

132 1518 168 1564 in
183 1499 329 1581 tabernis,
355 1510 419 1580 aut,
445 1500 592 1583 siquam
616 1499 650 1562 in
673 1498 806 1564 domum
830 1500 918 1583 parsu
961 1512 1039 1581 rant,
1054 1499 1124 1564 ‘erui

128 1585 343 1671 jugularique’
357 1587 605 1668 expostulantes,
619 1596 707 1667 parte
721 1583 839 1664 majora
852 1521 966 1668 proeffi
985 1588 1124 1672 potieban-

131 1680 193 1735 tur.
237 1670 332 1750 Narn,
348 1670 448 1735 milite
462 1671 502 1734 ad
518 1671 711 1755 sanguinem
724 1679 756 1732 et
769 1670 871 1733 caedas
886 1673 1027 1754 obverso,
1041 1672 1126 1757 spolia
1169 1735 1170 1742 ,

125 1755 167 1821 in
189 1758 308 1843 vulgus
321 1754 483 1821 cedebant.
526 1757 621 1821 Sava
635 1775 673 1818 ac
687 1753 836 1820 deformis
858 1758 936 1821 urbe
951 1760 1015 1822 totai
1029 1756 1126 1822 saciet:
1169 1793 1170 1804 .

130 1842 208 1908 alibi
221 1843 375 1928 praeliaet
387 1843 544 1924 vulnera3
567 1840 645 1905 alibi
660 1840 795 1904 balineae
818 1843 1024 1926 pupinaequa:
1043 1843 1125 1906 simul
1168 1845 1170 1860 '

131 1947 226 1994 cruor
239 1936 270 1993 et
284 1940 387 1992 strues
401 1946 570 2012 corporum
584 1950 591 1991 :
611 1925 704 2006 juxti
717 1936 823 1992 scorta
835 1941 867 1991 et
880 1929 992 1991 scortis
1006 1928 1126 1992 similes:

130 2013 336 2099 quantumin
352 2014 519 2079 luxurioso
534 2012 598 2077 otio
621 2010 811 2095 libidinum
833 2012 987 2096 quicquid
1004 2015 1036 2078 in
1054 2031 1126 2077 acer·

130 2100 261 2165 bissimai
274 2100 456 2183 captivitate
469 2100 648 2164 seersum:
671 2116 800 2180 prorsus
821 2109 859 2162 ut
879 2100 1014 2165 eandem
1033 2099 1128 2164 cirita·

128 2195 195 2253 tem
215 2194 247 2249 et
268 2183 374 2248 furere
398 2184 541 2248 crederes
566 2197 597 2247 at
623 2183 781 2246 lascivire.
824 2184 1041 2250 Conflixerant
1059 2188 1125 2249 ante

28 2348 29 2351 Ἴ
127 2269 241 2334 armati
255 2269 413 2334 exercitus
428 2269 462 2333 in
476 2270 564 2348 urbe,
579 2269 628 2333 bis
643 2269 680 2333 L.
696 2268 798 2352 Sylla,
812 2271 910 2333 semel
925 2271 1030 2335 Ginai
1043 2270 1127 2334 victe

129 2355 234 2421 ribus:
256 2370 316 2419 nac
330 2365 408 2420 tunc
429 2355 537 2419 minus
558 2352 774 2419 crudelitatis:
795 2373 883 2420 nunc
905 2355 1075 2420 inhumana
1087 2373 1127 2419 se»

28 2456 29 2489 t
126 2441 255 2520 auritas,
269 2450 302 2503 et
316 2459 357 2505 ne
379 2440 512 2507 minimo
525 2440 656 2523 quidam
678 2440 827 2523 temporis
841 2443 1019 2525 voluptates
1042 2442 1126 2504 intar-

28 2582 29 2591 ,
129 2524 253 2591 misse:
275 2527 367 2590 velut
380 2525 465 2590 festis
479 2526 590 2591 diebus
605 2525 638 2588 id
651 2542 779 2608 queque
798 2526 954 2611 gaudium
968 2525 1126 2603 accederet,
1170 2532 1171 2547 ¹

29 2626 31 2673 t
128 2612 324 2760 pauitabant,
339 2610 546 2695 fruebantur3
569 2611 661 2675 nullis
684 2610 823 2694 partium
844 2611 931 2692 curi,
947 2613 1038 2676 maiis
1059 2610 1127 2694 pub

29 2714 30 2755 3
142 2696 201 2760 icis
214 2697 290 2760 laeti.

171 2780 360 2848 LXXXIV.
380 2781 666 2846 Plurimummoii
675 2781 709 2845 in
719 2780 957 2879 oppugnatione
966 2793 1126 2855 castrorum

125 2866 198 2950 fuit,
212 2887 284 2952 quae
299 2867 472 2933 acerrimus
486 2868 632 2950 quisque,
647 2877 685 2931 ut
698 2867 907 2930 novissimam
919 2888 1017 2951 spem,
1028 2868 1127 2932 retina

29 3026 31 3045 μ
128 2953 214 3018 bant.
258 2953 310 3018 Εὸ
320 2953 470 3018 intentius
481 2955 627 3033 victores,
638 2944 797 3048 praecipuo
807 2962 951 3019 veterum
961 2953 1125 3018 cohortium

29 3102 31 3125 ,ἵ
126 3038 244 3119 studio,
259 3048 378 3104 cuncta
389 3038 662 3103 validissimarum
677 3038 806 3102 urbium
820 3036 953 3103 excidiis
966 3035 1125 3122 repertast

30 3138 31 3149 ¹
129 3127 197 3190 mul
212 3124 393 3206 admovent,
407 3125 608 3203 testudinem,
631 3133 796 3203 tormenta,
810 3142 951 3208 aggeres,
973 3123 1124 3206 facesque:

30 3212 32 3281 ξ
127 3209 301 3292 ‘quicquid
315 3220 361 3273 tut
375 3211 492 3293 praeliis
506 3210 623 3275 laboris
639 3230 676 3274 ac
690 3208 826 3293 periculi
839 3209 1027 3291 hausissent,
1046 3222 1124 3290 opert

30 3310 32 3335 ³
128 3293 186 3357 illo
201 3295 438 3375 consummari,'
451 3296 659 3359 clamitantes.
704 3294 841 3359 ‘Urbem
866 3296 1000 3359 Senatui
1022 3314 1058 3357 ac
1078 3293 1124 3357 Pa

30 3396 32 3439 :
127 3380 205 3463 puio
220 3377 376 3457 Romano,
391 3381 510 3461 templa
524 3380 597 3443 Diis
613 3379 752 3444 reddita:
774 3380 938 3464 proprium
952 3399 1021 3443 esse
1031 3375 1123 3443 militis

31 3490 33 3535 ;
125 3464 226 3528 decus
240 3462 422 3529 incastris:
445 3464 533 3528 illam
550 3467 692 3547 patriam,
714 3466 787 3532 ilios
810 3466 964 3530 Penates:
986 3465 1020 3529 ni
1034 3462 1121 3529 statim

31 3566 32 3603 ³
128 3548 331 3632 recipiantur,
356 3557 481 3613 uocum
503 3550 538 3614 in
563 3552 660 3615 armis
685 3553 860 3639 agendam)
903 3552 1023 3617 Contra
1044 3545 1119 3642 Vitel-

31 3664 34 3737 ἱ
129 3635 217 3732 lieni,
232 3652 417 3730 quanquam
431 3653 566 3701 numero
580 3635 706 3722 fatoque
721 3639 870 3721 dispares,
885 3638 1059 3723 iuquietare
1072 3650 1120 3699 stt·

32 3750 33 3805 j
127 3728 252 3804 terram,
267 3738 382 3786 murari
395 3738 516 3805 pacem,
530 3721 641 3788 domos
655 3745 788 3812 arasque
802 3744 916 3791 cruore
931 3723 1065 3810 faedare,
1084 3733 1123 3782 ⁸1¹·
1170 3758 1171 3821 3
