2392 4050
149 165 207 220 ³24
387 175 692 217 noras-annosus
708 177 750 217 ou
765 179 920 220 oniense.

147 319 257 371 torm,
269 333 296 360 or
306 318 347 361 the
358 317 417 360 verb
432 317 586 370 excruciavit,
599 331 658 374 may
667 319 700 361 bo
716 319 863 366 tmdorstood
878 330 905 364 to
922 322 1010 366 render
1030 325 1075 367 the
1093 338 1159 367 sense

148 405 275 461 complete.

182 492 241 536 em
251 490 370 546 suspiria]
404 486 585 547 Exciperentur,
603 497 752 545 notarentur,
770 506 786 536 a
800 493 865 538 male
882 495 984 538 curiosis
996 503 1022 539 et
1037 497 1160 553 speculan·

146 585 218 630 tibus.

181 674 244 717 cm
254 668 389 716 denotandis
399 671 432 713 tot
446 667 567 712 hominum
575 667 796 725 palloribus—cc
806 676 891 718 cotttro
897 673 1017 730 proderem
1028 674 1158 734 memiebat]

147 760 245 807 ‘When
262 759 314 804 that
332 764 396 824 stem
416 762 590 811 counteuance,
614 758 674 801 with
695 758 726 803 its
748 760 835 804 settled
858 761 1041 816 redness,—his
1060 764 1157 809 defense

146 852 240 909 agaim
251 850 431 903 shame,-was
439 845 565 905 employed
574 846 599 891 in
610 847 693 904 noting
703 847 744 893 the
755 848 826 908 pallid
836 850 918 895 horror
928 850 955 895 ol
967 865 997 896 so
1004 865 1083 911 many
1091 866 1158 912 spec·

146 939 239 986 tutore)
787 975 790 980 .

176 1021 336 1073 Imocettiom
342 1022 449 1080 principi
458 1023 571 1081 down]
604 1023 631 1069 Id
642 1032 687 1080 est,
699 1024 774 1072 veluti
785 1026 832 1072 hoo
843 1040 938 1084 ageres,
955 1035 992 1083 ut,
1004 1037 1122 1085 quantum
1133 1043 1158 1075 in

144 1126 169 1162 te
180 1121 255 1169 esset,
267 1113 428 1159 innocentiam
439 1111 566 1157 Domitiani
578 1113 726 1160 ostenderes.
760 1114 864 1173 Nempe,
876 1130 933 1161 cum
945 1117 1048 1163 libenter
1058 1119 1117 1163 mori
1128 1130 1156 1163 se

145 1203 290 1258 ostenderet,
302 1183 440 1261 apparebat,
451 1200 541 1246 nullum
553 1208 577 1247 et
585 1202 635 1248 w'm
646 1202 776 1249 adhibitam
787 1218 830 1263 per
839 1219 971 1251 venenum.

429 1517 602 1566 DIALOUGE
620 1518 667 1564 ΟΝ
684 1518 855 1565 ORATORY.

174 1634 229 1684 Tha
240 1647 314 1681 soene
325 1634 353 1679 os
363 1634 410 1679 this
421 1633 530 1690 dialogue
543 1632 621 1678 islaid
636 1633 660 1678 in
671 1634 713 1680 the
724 1634 789 1679 sixth
805 1648 863 1694 year
873 1635 902 1680 os
912 1633 1059 1693 Vespasium
1070 1636 1095 1681 in
1111 1635 1153 1681 the

142 1740 201 1787 you
211 1725 240 1771 os
250 1723 330 1770 Rome
342 1723 397 1777 828,
410 1723 439 1767 A.
452 1721 482 1766 D.
496 1721 533 1767 75.

174 1814 240 1861 Sect.
254 1815 276 1858 1.
293 1811 357 1857 litote
368 1809 440 1867 fan]
472 1809 558 1854 Justus
574 1808 664 1855 Fabius
682 1824 735 1857 was
749 1824 766 1855 a
780 1811 965 1872 correspondent
983 1813 1011 1857 of
1022 1811 1093 1870 Pliny
1111 1812 1150 1857 the

141 1916 257 1966 yotmger.
290 1899 362 1946 Little
373 1900 394 1948 is
405 1898 495 1956 known
506 1899 534 1946 us
545 1898 604 1954 him,
615 1907 703 1958 except
713 1900 765 1945 that
776 1901 808 1946 he
819 1914 872 1945 was
883 1914 898 1944 a
909 1900 993 1946 consul
1005 1902 1029 1946 iu
1040 1902 1082 1947 the
1092 1914 1151 1960 year

141 1994 170 2041 os
181 1991 262 2038 Rome
273 1990 328 2037 864.

172 2083 255 2130 lisdem
264 2092 328 2125 ntem
338 2072 458 2136 numnis]
491 2075 579 2123 lisdem
586 2076 728 2135 eloquentiae
736 2079 851 2137 partibus,
862 2080 948 2136 eodem
955 2088 1054 2126 servato
1060 2079 1148 2125 ordine.

172 2170 237 2216 Sect.
250 2171 272 2213 2.
294 2169 419 2213 Curictico
436 2166 575 2225 Maternus]
608 2164 654 2212 Dio
669 2168 788 2215 mentions
806 2183 821 2213 a
835 2170 925 2227 sophist
937 2169 965 2214 os
975 2170 1017 2214 the
1036 2183 1109 2214 name
1126 2168 1151 2213 oi

140 2258 275 2314 Maternus,
287 2259 343 2303 who
354 2271 408 2302 was
419 2255 568 2302 condemned
579 2263 604 2301 to
615 2256 687 2302 death
706 2257 738 2316 by
749 2256 878 2312 Domitian,
889 2258 925 2302 sor
940 2272 956 2305 a
971 2258 1098 2304 rhetorical
1109 2257 1147 2302 de·

138 2349 267 2396 clamation
279 2348 372 2405 against
382 2352 481 2406 tyrants.
515 2346 552 2391 De
563 2347 587 2391 la
597 2345 673 2392 Malle
684 2360 800 2406 supposes
812 2348 853 2392 the
863 2346 991 2393 Maternus
1002 2348 1031 2394 os
1042 2346 1096 2403 Dio,
1107 2347 1146 2392 the

139 2452 207 2485 same
218 2437 276 2487 who
286 2435 357 2481 takes
368 2435 453 2493 partin
464 2434 510 2480 this
522 2434 640 2491 dialogue.
675 2484 679 2489 ,

171 2528 278 2574 Marcio
288 2524 355 2583 Aper
365 2529 386 2569 et
395 2523 475 2569 luteo
493 2524 624 2580 Senotdin]
656 2523 764 2582 Nothing
778 2526 799 2571 is
814 2525 904 2571 known
918 2526 979 2571 with
996 2526 1113 2585 certainty
1123 2525 1149 2570 oi

138 2616 237 2663 Marcus
248 2616 321 2673 Aper.
356 2612 429 2658 Some
441 2613 504 2659 have
515 2613 677 2672 conjectured,
689 2615 740 2659 that
748 2615 780 2659 he
791 2628 843 2659 was
853 2616 894 2660 the
903 2613 993 2660 Father
1004 2615 1031 2660 ol
1043 2614 1079 2659 M.
1092 2613 1142 2659 Fla-

137 2705 192 2749 vius
202 2704 276 2759 Aper,
287 2703 344 2749 who
360 2713 414 2744 was
431 2701 515 2746 consul
527 2702 550 2746 in
561 2702 603 2746 the
619 2715 677 2760 year
687 2702 715 2746 os
726 2700 806 2746 Rome
817 2702 871 2747 883.
906 2701 941 2747 Os
952 2701 1032 2748 Julius
1055 2702 1141 2746 Secun-

137 2799 191 2848 dus,
198 2788 330 2846 Quintilian
342 2790 431 2848 speaks
447 2790 472 2834 in
482 2791 523 2835 the
535 2790 657 2848 following
663 2804 770 2837 manner.
805 2791 835 2836 ‘J
837 2792 883 2836 ulio
895 2790 1047 2846 Secundnst
1058 2792 1143 2849 longior

137 2883 276 2941 contigisset
286 2888 354 2936 aetas,
365 2880 523 2926 clarissimum
534 2881 640 2939 prolecto
651 2894 740 2927 nomen
750 2881 850 2926 oratoris
867 2881 931 2940 apud
948 2888 1058 2940 posteros
1076 2882 1139 2927 soret.

136 2972 273 3031 Adjecisset
284 2971 356 3025 enim,
375 2976 447 3026 atque
464 2968 589 3035 adjiciebat
605 2969 692 3015 ceteris
711 2969 838 3015 virtutibus
857 2969 916 3025 suis,
934 2970 999 3027 quod
1016 2969 1139 3016 desiderari

136 3069 222 3121 potest·
255 3059 331 3106 idest
342 3066 433 3113 autem,
445 3067 471 3103 ut
488 3065 554 3104 esset
571 3059 648 3104 multo
658 3061 735 3116 magis
749 3073 856 3118 pugnax,
874 3066 898 3105 et
913 3060 1004 3118 saepius
1020 3060 1051 3104 ad
1062 3072 1140 3104 curum

136 3160 215 3195 rerum
232 3150 262 3194 ab
280 3148 414 3195 elocutione
433 3138 569 3209 respiceret.
603 3148 726 3203 Ceterum,
744 3149 888 3207 interceptus
906 3161 1011 3206 quoque,
1027 3162 1137 3206 magnum

136 3238 180 3287 sibi
191 3238 295 3284 vmdicat
307 3237 394 3283 locum.
428 3237 467 3283 Ea
485 3244 521 3281 est
532 3235 652 3292 suctmdia,
663 3243 731 3282 tauta
741 3237 765 3282 in
775 3236 925 3296 explicando,
936 3237 1000 3294 quod
1011 3238 1078 3291 velit,
1089 3251 1137 3293 gru·

135 3326 169 3373 tia
176 3342 184 3383 ;
200 3334 250 3371 tam
261 3325 397 3380 candidum,
409 3334 434 3371 et
447 3326 512 3381 lene,
524 3332 548 3370 et
559 3326 696 3384 speciosum
713 3326 805 3372 dicendi
815 3340 909 3384 genus;
923 3333 993 3370 tanta
1004 3327 1135 3379 verborum,

134 3417 207 3460 etiam
218 3425 271 3471 quae
281 3423 406 3472 assumpta
416 3424 480 3469 sunt,
492 3418 639 3473 proprietas3
655 3426 730 3473 tanta,
742 3420 767 3465 in
779 3419 921 3476 quibusdam
931 3433 964 3465 ex
974 3419 1082 3485 periculo
1098 3434 1135 3480 pa

132 3500 189 3555 titis,
199 3499 374 3556 significantia?
405 3499 458 3545 Lib.
471 3496 502 3546 X.
515 3501 580 3549 Soet.
592 3502 611 3548 1.
