2392 4050
1 237 2 242 ,
53 182 90 248 A.
103 184 137 250 Ο.
150 183 215 273 ee]
345 180 759 248 Hrsroa.Lra.Pa1uns.
1019 181 1064 248 23

52 361 126 434 cato,
139 375 236 438 quem
257 354 300 419 ad
314 353 436 420 cedem
452 353 522 436 ejus
545 354 633 419 Otho
647 355 852 437 praemiserat,
875 352 1064 420 consosms:

49 435 82 502 in
95 440 291 676 Martilnum
311 440 444 520 Icelum,
466 450 503 505 ut
524 439 559 504 in
579 438 777 519 libertinum,
796 440 904 524 patim
922 439 1065 504 animad-

49 541 181 591 semum.

88 610 179 675 XLV
197 551 444 763 IRExaqtffr
458 610 581 674 scelera
603 607 665 690 die,
679 608 891 676 novissimum
905 611 1067 677 muomrn

49 693 107 777 iirit
130 696 219 761 laetiti
293 697 322 760 V
363 702 373 711 “
420 697 576 761 Senatum
602 696 722 759 Praetor
742 698 907 760 urbanus:
940 706 1065 761 certant

49 777 282 847 adulationibus
296 781 393 846 ceteri
406 781 623 867 Magistratus.
668 782 989 845 AccurnrutPatres:
1012 779 1066 845 de

50 866 185 932 cernitur
199 867 321 932 Othoni
337 866 548 932 ‘Tribunicio
558 875 697 949 potestas
710 877 867 931 etnomen
882 867 1022 952 Augusti
1033 876 1066 932 et

50 952 155 1016 omnes
170 951 362 1037 Principum
379 953 536 1032 honoros,²
557 951 774 1016 annitentibus
796 952 922 1016 cunctis
939 953 1065 1017 abolere

47 1037 191 1102 convicia
204 1057 243 1102 ac
256 1041 378 1121 probra,
415 1057 474 1118 uae,
491 1038 672 1120 promiscue
690 1036 784 1119 jacta,
806 1038 935 1101 haesisse
999 1037 1065 1103 imo

48 1119 122 1203 ejus,
136 1144 234 1193 nemo
256 1058 512 1205 sensitstOmisi
565 1123 736 1203 toffensas,
747 1058 1066 1270 anQistulisseflSbre·

52 1209 142 1273 ritate
155 1209 282 1292 imperii
295 1208 331 1273 in
345 1208 468 1273 incerto
481 1207 544 1275 suit
596 1208 693 1287 Otho,
715 1228 814 1273 cruen
829 1229 848 1272 o
866 1209 973 1275 adhuc
987 1209 1066 1293 foro,

49 1309 102 1374 per
115 1303 254 1381 stragem
264 1288 451 1375 jacentium,
466 1294 499 1356 in
515 1295 712 1377 capitolium,
727 1306 822 1381 atque
836 1294 912 1363 inde
930 1295 965 1359 in
979 1295 1066 1378 pala·

48 1378 126 1444 tium
140 1390 261 1459 vectus,
281 1379 414 1445 concedi
436 1398 570 1462 corpora
590 1382 770 1464 sepultura,
786 1381 983 1463 cremarique
997 1399 1066 1464 per-

48 1464 138 1530 misit
182 1465 334 1531 Pisonem
354 1463 494 1530 Verania
506 1485 590 1529 uxor
605 1484 643 1528 ac
657 1465 752 1531 frater
765 1465 1005 1545 Scribonianus,
1021 1466 1064 1531 Τ.

49 1548 178 1615 Vinium
201 1550 352 1634 Crispina
372 1551 449 1633 filia,
463 1553 681 1632 composuere,
695 1551 836 1632 quaesitis
851 1552 1082 1636 redemtisque⁴

27 1692 41 1721 ,
56 1662 77 1686 t:
93 1636 209 1714 ritibus,
223 1656 296 1719 quae
312 1637 439 1701 venalia
453 1635 668 1700 interfectores
679 1649 893 1723 servaverant.

0 1748 58 1822 w
104 1721 238 1786 LVIII.
261 1722 337 1785 Piso
357 1731 507 1786 unumst
528 1720 725 1786 tricesimum
746 1723 845 1787 aetatis
867 1742 992 1787 annum
1011 1741 1067 1788 ex·

31 1806 159 1888 piabat,
174 1807 260 1871 iamai
275 1808 414 1887 meliore,
435 1806 532 1891 quarn
553 1806 698 1871 fortuni..
735 1809 862 1871 Fratres
877 1807 955 1889 ejus,
976 1809 1067 1895 Mog-

50 1909 128 1956 num
156 1891 323 1974 Claudius,
351 1894 504 1956 Crassum
526 1892 613 1957 Nero
636 1892 867 1957 interfecerant.
911 1894 984 1976 Ipse
1005 1893 1065 1960 diu

48 1978 132 2059 exui,
153 1976 324 2063 quatriduo
339 1979 456 2059 Caesar,
477 1978 646 2062 properati¹
667 1977 835 2061 adoptione
851 1977 892 2042 ad
913 1979 976 2043 hoc
997 1988 1066 2044 tan·

51 2063 114 2128 tritu
128 2062 242 2146 majori
256 2061 347 2128 fratri
361 2066 510 2149 psalmus
532 2075 587 2143 est,
602 2074 640 2129 ut
661 2066 747 2148 prior
770 2064 977 2129 occideretur.
1022 2065 1066 2134 Τ.

39 2148 161 2236 'Vinius
175 2148 411 2236 quinquaginta
432 2163 553 2233 septem
577 2169 680 2215 annos
705 2150 803 2215 variis
826 2150 967 2215 moribus
990 2152 1066 2237 egit.

50 2233 140 2298 Pater
154 2235 203 2300 ilii
218 2236 395 2317 epraetorii
413 2234 545 2315 familia,
561 2247 725 2300 maternus
740 2254 822 2300 avus
838 2257 857 2301 e
871 2237 1065 2321 proscriptis.

48 2320 152 2385 Primi
175 2319 291 2386 militia
305 2320 443 2400 infamis,
463 2322 623 2407 Legatum
644 2323 824 2386 Calvisium
837 2322 997 2387 Sabinum
1011 2323 1067 2388 ha·

47 2406 178 2470 buerat:
201 2405 297 2487 cujus
315 2426 408 2485 uxor,
424 2406 509 2470 maid
529 2406 682 2490 cupidine
700 2407 824 2472 visendi
839 2407 935 2473 situm
949 2418 1067 2474 castro

46 2510 126 2571 rum,
146 2511 203 2575 per
217 2502 346 2556 noctem
359 2491 490 2557 militari
505 2491 617 2557 habitu
632 2492 781 2581 ingressa,
797 2494 869 2558 crim
896 2493 1021 2578 vigilias
1035 2507 1068 2561 ct

45 2586 148 2640 nemra
170 2576 293 2641 militiae
315 2577 429 2641 munia
449 2577 563 2641 eidem
585 2579 718 2643 lascivia
743 2580 904 2658 tentasset,
927 2578 961 2643 in
988 2579 1066 2663 ipsis

47 2662 212 2746 principiis
226 2671 373 2745 stuprum
382 2683 479 2727 ausa:
500 2673 532 2727 et
543 2663 688 2728 criminis
698 2664 797 2746 hujus
807 2684 881 2730 reus
896 2664 939 2729 T.
949 2664 1067 2731 Vinius

48 2749 251 2835 arguebatur.
295 2748 398 2833 Igitur
417 2747 512 2831 jussu
535 2750 572 2813 C.
596 2750 730 2813 Caesaris
759 2761 909 2816 oneratus
934 2751 1066 2835 eatenis,

45 2852 129 2915 mox,
145 2834 324 2898 mutatione
339 2844 523 2919 temporum,
546 2834 706 2915 dimissus,
729 2855 826 2920 cursu
847 2836 1070 2902 honorumin·

47 2919 180 2998 offenso,
196 2920 316 3007 legioni
331 2929 401 3003 post
423 2921 601 2984 Praturam
622 2922 810 3004 prepositus
834 2923 1067 3005 probatusque:

4 3045 6 3050 .
46 3006 154 3069 servili
169 3004 319 3089 deinceps
334 3007 449 3087 probro
472 3025 635 3089 respersus
656 3017 711 3084 est,
735 3018 889 3091 tanquam
908 3008 1069 3091 scyphum

47 3089 231 3156 aureamin
245 3090 398 3155 convivio
412 3091 542 3155 Claudii
556 3090 701 3155 iuratus:
723 3104 755 3156 et
770 3091 928 3157 Claudius
944 3100 1069 3175 postera

1 3254 2 3261 ἵ
45 3175 97 3240 die
117 3175 180 3239 soii
203 3176 351 3240 omniurn
371 3177 468 3241 Vinio
490 3176 642 3240 fictilibus
662 3177 836 3241 ministrari
854 3177 959 3258 jussit.
1002 3183 1068 3249 Sed

1 3264 2 3291 ¹
47 3262 163 3326 Vinius
178 3262 411 3327 Proconsulatu
426 3262 569 3327 Galliam
595 3263 838 3328 Narbonensem
857 3266 968 3329 severe
989 3267 1069 3334 inte·
1128 3309 1130 3311 ν

44 3349 164 3432 grbque
178 3348 279 3412 rexit:
302 3368 378 3413 mox
394 3349 506 3412 Galbae
521 3348 662 3414 amicitia
683 3350 717 3413 in
742 3351 915 3433 abruptum
937 3360 1068 3438 tractus,

1 3432 13 3456 '⁴
46 3433 162 3515 audax,
176 3433 325 3514 astrictus,
339 3443 493 3516 promtus,
518 3444 558 3514 et,
582 3443 679 3517 prout
701 3435 849 3499 animum
872 3436 1068 3524 intendisset,

1 3554 2 3561 .
45 3537 165 3603 pravus
179 3527 235 3583 aut
246 3519 432 3600 industrius,
443 3518 556 3585 eidem
569 3520 613 3585 vi.
657 3519 905 3585 Testamentum
915 3522 957 3586 Τ.
971 3523 1069 3607 Vinii,

46 3603 267 3692 magnitudine
282 3624 390 3688 opum,
409 3605 544 3670 irritum.
589 3605 717 3670 Pisonis
728 3624 913 3689 supremam
923 3610 1071 3675 volunta·

1 3698 2 3749 i
47 3700 111 3759 tem
123 3699 293 3775 paupertas
310 3689 461 3757 firmavit.
520 3711 521 3716 ¹
