2392 4050
315 206 783 278 nablouransGrarrsurn.
997 211 1064 278 225

46 380 173 446 natione
188 378 298 465 aliqui
313 351 505 464 Sueromm,
527 401 585 449 seu
601 382 702 469 (quod
716 383 800 467 sape
813 381 951 534 acciditgJ
960 381 1065 448 imita·

48 465 139 548 tione,
162 486 281 547 rarum,
304 476 335 530 et
357 466 443 531 intra
461 467 604 550 juventae
629 467 791 552 spatium3
816 468 905 549 apud
954 486 1063 549 nevos,

47 569 147 636 usque
160 552 201 618 ad
214 552 380 631 canitiem,
397 553 581 620 horrentem
600 554 756 637 capillum
774 553 858 619 retrb
871 563 1063 637 sequuntur,

45 656 83 700 ac
98 638 178 721 sape
198 638 234 702 in
249 639 321 702 solo
333 640 450 706 vertice
462 640 609 725 religant.
653 638 819 724 Principes
829 639 1065 706 etornatiorem

46 721 180 789 hebent:
202 743 242 788 ea
265 742 343 787 cura
367 722 486 804 forma,
508 724 564 789 sed
589 725 734 792 innoxia
777 725 892 809 Neque
917 723 1007 789 enim
1027 734 1064 789 ut

46 813 152 874 ament
165 820 355 875 amenturrc
368 831 376 891 3
398 809 433 873 lu
450 810 655 876 altitudinem
675 809 841 894 quandam
854 820 887 873 et
901 822 1065 892 terrorem,

47 894 161 960 adituri
176 896 272 976 bella,
287 895 393 975 coniti,
408 906 446 960 ut
459 895 605 962 hostium
618 897 732 974 oculis,
747 905 913 962 emantur.

86 975 255 1046 XXXIX.
279 979 545 1050 ‘Vetustissimos’
572 1001 607 1046 se
629 979 928 1065 ‘nobilimimomue
941 981 1065 1047 Sucro·

84 1067 124 1130 ιη’
144 1068 324 1134 Semnones
338 1077 526 1134 memorant.
571 1064 668 1131 Fides
687 1065 885 1149 antiquitatis
906 1066 1063 1154 religione

46 1148 198 1216 firmatur.
242 1151 332 1217 Statu
346 1162 488 1235 tempore
510 1153 544 1216 in
568 1153 705 1236 sylvam,
727 1151 874 1236 auguriis
889 1163 1064 1237 patrumct

46 1234 148 1317 prisci
157 1236 328 1302 formidine
343 1257 476 1318 sacram,
485 1255 597 1304 omncs
611 1236 755 1319 ejusdem
768 1236 936 1323 saugrrinis
950 1238 1063 1321 populi

44 1319 256 1406 legationibus
281 1327 409 1402 coeunt,
424 1342 571 1407 caesoque
593 1322 724 1406 publici
746 1322 887 1406 homine,
901 1324 1064 1390 celebrant

46 1404 258 1474 barbaricinis
278 1405 440 1473 horrenda
455 1408 636 1493 primordia.
680 1408 742 1474 Est
755 1420 787 1473 et
801 1409 867 1473 alia
887 1410 960 1475 luco
975 1429 1064 1474 rere·

45 1492 152 1557 rentia.
196 1492 301 1559 Nemo
318 1493 382 1559 uisi
396 1495 530 1562 viuculo
545 1494 665 1581 ligatus
684 1493 873 1583 ingreditur,
893 1507 931 1560 ut
944 1495 1062 1577 minor,

45 1585 74 1638 et
87 1585 275 1660 potestatem
295 1578 449 1647 Numinis
462 1599 527 1663 prae
542 1599 576 1643 sa
591 1579 705 1648 ferens.
749 1580 787 1645 Si
800 1580 881 1644 sorte
895 1582 1062 1665 prolapsus

45 1673 98 1743 est,
119 1665 223 1730 attolli
238 1675 271 1728 et
285 1663 452 1750 insurgere
473 1664 563 1730 haud
585 1666 731 1730 licitum:
753 1683 809 1748 per
823 1664 962 1748 humum
975 1666 1063 1730 evol·

45 1759 182 1816 cuntur:
203 1750 428 1835 ebque'omnis
449 1749 633 1835 superstitio
656 1750 796 1834 respicit,
817 1758 973 1832 tanquam
986 1749 1063 1816 inde

44 1830 132 1900 initia
145 1836 261 1921 gentis,
283 1836 359 1902 ibit
401 1844 493 1902 nator
511 1835 661 1912 omnium
680 1836 780 1914 Deus,
803 1844 908 1898 cetera
920 1833 1063 1916 subjecta
1147 1875 1149 1879 ν

44 1922 301 2004 atqueperentia.
345 1921 465 2003 Ajicit
475 1921 700 1988 auctoritatem
710 1919 840 1984 fortuna
851 1919 1063 2002 Semnonum,

46 2016 173 2075 centum
194 2008 285 2096 pagis
307 2006 544 2075 habitantium:
567 2026 751 2094 magnoque
770 2024 903 2091 corpore
916 2004 1062 2089 efficitur,

45 2099 79 2154 ut
91 2112 125 2157 se
141 2093 327 2159 Suevoruur
341 2102 438 2179 caput
452 2092 594 2159 credant.
826 2146 828 2151 s

84 2178 156 2244 XL.
180 2179 299 2244 Contra
312 2179 544 2265 Langobardos
561 2177 708 2260 paucitas
721 2179 892 2246 nobilitata
913 2175 1062 2265 plurimis

26 2276 81 2325 ‘ac
95 2265 324 2331 valentissimis
347 2265 531 2330 nationibus
557 2263 665 2346 cincti,
688 2284 754 2331 nou
779 2286 837 2350 per
860 2263 1061 2350 obsequium,

45 2347 98 2412 sed
112 2349 231 2433 praeliis
245 2362 277 2416 et
286 2348 497 2435 periclitando
512 2349 573 2414 tuti
593 2360 678 2415 sunt
721 2350 825 2416 Reudi
851 2350 885 2417 ui
898 2349 1016 2415 deinde
1029 2360 1063 2414 et

47 2431 187 2498 Aviones
207 2446 240 2501 et
253 2436 359 2523 ¹Angli
378 2446 411 2500 et
426 2436 537 2500 Varini
556 2445 588 2500 et
605 2433 753 2500 Eudoses
776 2446 808 2500 et
828 2372 1015 2503 {nordeum
1029 2444 1062 2498 et

47 2516 227 2586 Nuithones
247 2521 437 2588 fluminibus
459 2531 515 2585 aut
534 2520 637 2605 sylvis
656 2521 867 2589 muniuntur:
889 2540 949 2588 nec
972 2520 1062 2605 quic·

46 2622 142 2686 quam
155 2608 295 2673 notabile
317 2610 352 2673 iu
372 2606 520 2692 singulis,
542 2606 606 2671 nisi
627 2606 716 2690 qubd
737 2606 772 2673 iu
794 2625 968 2673 commune
981 2606 1061 2672 Her·

46 2689 140 2772 tham,
156 2691 256 2773 idest,
273 2692 412 2771 'I'erram
423 2703 567 2773 matrem,
583 2694 704 2772 colunt,
719 2713 856 2778 eamque
866 2691 1061 2759 intervenire

46 2776 136 2840 rebus
151 2778 332 2859 hominum,
354 2779 465 2843 invehi
485 2779 622 2862 populis,
643 2780 844 2846 arbitrantur.
887 2778 949 2845 Est
961 2778 997 2843 iu
1012 2778 1061 2843 in·

46 2863 114 2927 suli
128 2863 252 2929 Oceani
266 2875 392 2930 castum
405 2883 530 2945 nemus,
540 2862 745 2947 dicatumque
761 2864 795 2930 in
809 2884 847 2930 eo
860 2864 1060 2943 vehiculum,

47 2959 130 3012 vecte
145 2958 350 3019 contectum:
373 2951 528 3046 attingere
541 2949 601 3014 uui
616 2949 781 3015 Sacerdoti
796 2968 997 3014 concessum.
1027 2947 1061 3011 Is

47 3031 152 3098 adesse
167 3036 321 3116 penetrali
337 3036 444 3100 Deam
458 3034 619 3119 intelligit,
635 3045 825 3117 vectamque
839 3035 944 3099 bubus
958 3030 1062 3097 smmi·

47 3117 94 3182 uis
107 3119 212 3185 multi
225 3140 302 3186 cum
317 3120 522 3185 veneratione
540 3118 750 3202 prosequitur.
794 3118 875 3184 Lati
889 3133 969 3184 tuuc
982 3116 1061 3202 dies,

46 3200 121 3270 leste
149 3205 231 3286 loca,
259 3224 472 3289 quacumque
497 3202 638 3268 adventu
668 3201 870 3288 hospitioque
898 3204 1060 3291 dignatur.

47 3286 117 3355 Nou
130 3291 218 3355 bella
231 3291 353 3372 ineunt,
369 3311 436 3357 nou
451 3311 540 3357 arma
553 3298 688 3355 sumunt
701 3310 708 3371 ;
733 3290 880 3356 clausum
890 3310 985 3358 omne
1000 3289 1061 3357 fer·

47 3391 115 3441 rum
126 3399 134 3443 ι
145 3396 222 3460 vparc
235 3388 266 3441 et
280 3377 372 3460 quies
387 3387 465 3444 tuuc
481 3383 603 3442 tantum
617 3387 701 3456 nota,
716 3387 794 3442 tuuc
808 3383 931 3443 tantiam
943 3387 1059 3458 amata,

46 3456 142 3527 donec
156 3461 243 3528 idem
266 3463 425 3528 Sacerdos
447 3464 593 3529 satiatam
617 3463 858 3529 couversatione
876 3463 1060 3530 mortalium

48 3543 147 3614 Deam
167 3550 286 3634 templo
309 3549 428 3614 reddat.
473 3551 553 3616 Mox
574 3549 766 3615 vehiculum
785 3559 817 3613 et
835 3561 948 3628 vestes,
969 3544 1059 3624 et,si

48 3632 169 3698 credere
180 3635 270 3716 velis,
286 3635 416 3701 Numen
431 3635 538 3717 ipsum
547 3645 667 3700 secreto
684 3637 757 3699 lacu
772 3633 922 3696 abluitur.
965 3626 1060 3690 Serri

48 3716 241 3806 ministraut3
274 3740 356 3805 quos
382 3719 489 3785 statim
513 3718 600 3785 idem
624 3719 714 3782 lacus
740 3714 857 3779 haurit.
910 3714 1059 3775 Arcauus
