2392 4050
121 206 165 271 90
205 308 209 315 ¹
463 204 500 271 O.
513 205 626 271 Goon.
641 204 778 271 'Pacmr
943 204 996 296 [lb
1008 205 1043 273 U.
1057 202 1120 270 822.

123 378 247 464 pasiaui
272 377 480 444 consiliorum
501 378 655 463 pleraque
679 378 811 464 ignota:
833 377 974 460 primum
997 376 1123 442 socordil
1170 362 1173 405 ⁵

123 462 266 542 Vitellil;
289 462 405 528 deinde
416 464 611 528 Pannonicae
626 464 732 547 Alpes,
744 463 901 546 praesidiis
910 465 1044 544 insessae,
1055 485 1123 529 nun·

122 551 184 616 tios
198 549 396 614 retinebant:
418 566 646 632 marequoque
669 548 854 614 Etesiarum
870 551 949 615 flatu
972 551 1006 614 in
1029 553 1122 616 Orien·
1170 524 1173 603 i

122 648 187 702 tem
202 634 429 722 navigantibus
443 634 634 715 secundum,
649 633 724 698 inde
739 634 909 699 adversum
924 648 999 701 erat.

168 720 293 787 XCIX.
310 720 469 800 Tandem,
482 719 656 804 irruptione
667 719 818 798 hostium,
828 723 988 786 atrocibus
997 720 1123 803 undique

125 805 247 871 nuntiis
260 805 437 886 exterritus,
453 806 616 871 Casinam
628 815 659 868 at
673 805 842 869 Valentem
856 807 1007 891 expedue
1022 805 1060 870 ad
1073 806 1123 869 bel-

125 895 196 958 lum
214 891 313 972 jubet.
358 890 546 956 Praemissus
568 890 716 956 Oaeclua:
739 890 917 971 Valentem,
935 892 1058 977 egravi
1071 911 1125 954 cor·

147 978 210 1042 oris
224 977 334 1040 morbo
344 986 414 1041 tum
423 975 561 1058 primum
569 985 796 1062 amurgenteru,
809 977 978 1045 infirmitas
988 976 1124 1041 tardabat
1169 1036 1173 1053 ,

176 1062 238 1148 ugle
263 1061 328 1126 alia
352 1060 582 1147 proficiscentis
604 1081 646 1125 ex
668 1061 749 1125 urbe
774 1062 962 1126 Germanici
983 1062 1126 1127 exereitus

124 1148 262 1232 species:
284 1166 351 1212 non
364 1147 458 1234 vigor
468 1146 663 1231 corporibus,
677 1166 745 1211 non
756 1148 851 1214 ardor
859 1147 994 1212 animis:
1017 1150 1128 1233 lentum

90 1272 92 1277 .
124 1243 156 1299 et
169 1229 279 1298 rarum
293 1251 418 1319 agmen,
429 1231 519 1297 fluxa
529 1251 626 1310 arma,
637 1251 752 1318 segnes
762 1234 857 1316 equi:
873 1233 1044 1316 impatiens
1053 1234 1126 1312 solis,

124 1318 275 1403 pulveris,
289 1328 531 1401 tempestatum:
553 1319 772 1401 quantumque
797 1320 895 1383 hebes
918 1318 961 1381 ad
983 1320 1127 1384 sustinen-
1170 1350 1173 1381 t

125 1403 205 1469 dum
219 1406 360 1470 laborem
372 1402 476 1484 milas,
490 1402 579 1466 tantb
592 1402 633 1467 ad
647 1402 822 1467 discordias
837 1405 1001 1488 promtior.
1045 1407 1130 1470 Acce·
1170 1390 1173 1457 ἶ

125 1489 218 1570 debat
238 1489 305 1552 huo
326 1488 462 1554 Caecinae
488 1487 618 1553 ambitio
640 1498 743 1568 umus,
764 1499 871 1574 torpor
894 1508 1017 1562 recens,
1042 1489 1128 1555 nimii

125 1574 261 1640 fortune
276 1573 477 1661 indulgentia
492 1574 589 1639 soluti
613 1573 645 1638 in
662 1576 800 1639 luxum:
822 1594 880 1638 seu
895 1574 1063 1659 perfidiam
1076 1594 1129 1639 me·

125 1661 255 1725 ditantia
277 1659 451 1757 infringere
480 1660 637 1724 exercitiis
663 1661 825 1739 virtutem,
848 1661 931 1725 inter
957 1673 1042 1725 artes
1064 1668 1129 1725 erat

127 1746 298 1812 Credidere
312 1747 465 1829 pleraque,
477 1745 584 1810 Flavii
599 1746 712 1810 Sabini
723 1746 866 1810 consiliis
877 1766 1067 1812 concussam
1076 1747 1131 1810 Ore

127 1833 208 1899 cina
229 1841 379 1912 mentem,
402 1832 547 1896 ministro
570 1850 757 1897 sermonum
779 1830 903 1896 Rubrio
924 1833 1031 1912 Gallo,
1058 1839 1130 1894 ‘rata

127 1916 213 2001 apud
228 1916 463 2000 Vespasianum
484 1918 550 1982 fora
565 1927 659 2000 pacta
675 1916 891 1980 transitionis.²
934 1917 1043 1983 Simul
1058 1917 1131 1980 odio

127 2023 201 2070 rum
228 2004 421 2087 invidiaeque
443 2022 519 2089 argu
546 2003 686 2068 Fabium
715 2003 883 2067 Valentem
903 2003 1132 2082 admouebatur,

128 2099 136 2130 ‘
148 2102 184 2154 ut
198 2091 300 2172 impar
315 2088 401 2171 apud
416 2089 591 2170 Vitellium,
606 2088 743 2174 gratiam
756 2089 904 2171 viresque
919 2090 1006 2173 apud
1019 2106 1131 2154 uorum

128 2174 312 2257 Principem
325 2174 465 2256 pararet.l

170 2262 207 2324 Ο.
230 2257 359 2322 Caecina
372 2260 542 2342 complexu
553 2257 674 2323 Vitellii
690 2259 793 2323 multo
803 2275 880 2323 cum
891 2258 1014 2323 honore
1024 2259 1132 2345 digres-

128 2363 192 2426 sus,
204 2354 327 2428 partem
336 2343 482 2428 equitum
492 2344 532 2408 ad
543 2343 764 2427 occupandam
773 2346 965 2410 Cremonam
973 2344 1130 2427 praemisit:

128 2449 205 2496 mox
219 2429 339 2495 vexilla
352 2439 481 2512 quartae,
495 2428 630 2494 decimae
653 2441 685 2493 et
710 2431 941 2496 sextadecima
956 2432 1129 2517 legionum

126 2517 202 2582 dein
215 2515 330 2599 quinta
343 2527 374 2579 et
398 2515 647 2580 duoetvicesima
671 2527 807 2580 secutae:
829 2531 990 2600 postremo
1012 2514 1131 2600 agmine

22 2673 23 2686 ,
125 2601 378 2667 unoetvicesimo
389 2601 502 2683 Rapax
515 2612 546 2665 et
560 2602 665 2684 prima
675 2601 787 2666 Italica
802 2601 970 2680 incessere,
982 2617 1131 2666 cumrer-

125 2687 226 2752 ilariis
240 2687 339 2750 trium
353 2686 612 2751 Britannicarum
638 2687 804 2772 legionum
824 2701 856 2751 et
876 2685 986 2751 electis
1001 2685 1131 2751 auxiliis.

127 2772 272 2838 Profecto
288 2772 426 2853 Caecina,
439 2773 566 2856 scripsit
581 2773 704 2836 Fabius
719 2773 837 2837 Valens
858 2773 1026 2850 exercitui,
1044 2786 1131 2854 quem
1174 2839 1175 2856 ,

126 2860 193 2945 ipse
207 2857 400 2937 ductaverat,
417 2858 522 2922 ‘utin
545 2858 658 2922 itinera
680 2857 895 2941 oppeairetur3
919 2859 967 2921 sic
988 2858 1050 2922 sibi
1065 2871 1131 2920 oum
1174 2861 1175 2878 ¹

124 2944 254 3011 ancini
267 2945 455 3012 convenisse
467 2945 483 3007 :'
505 2943 561 3027 qui
574 2963 723 3027 praesaus,
734 2944 836 3025 abque
845 2944 991 3023 validior,
1008 2943 1131 3006 ‘immu-

22 3095 24 3098 .
125 3041 229 3096 tatum
242 3028 276 3093 id
291 3030 470 3095 consilium'
485 3029 588 3110 finxit,
616 3037 671 3092 ‘ut
691 3029 855 3115 ingruenti
869 3030 954 3093 bello
977 3029 1043 3093 tota
1057 3026 1132 3089 mole

125 3117 363 3184 occurreretur.²
427 3116 477 3179 lta
506 3116 708 3180 ‘accelerare'
738 3114 880 3204 legiones
910 3108 1132 3188 ‘Cremonam’

125 3222 199 3286 pars
226 3201 412 3265 ‘Hostiliam
425 3204 539 3285 petere'
557 3199 674 3282 jussae:
697 3200 764 3283 ipse
785 3199 975 3264 Ravennam
997 3195 1132 3273 devertit,
1174 3249 1175 3272 ,

124 3293 277 3371 praetexto
291 3289 426 3352 classem
434 3287 636 3371 alloquendi:
660 3307 736 3350 mox
747 3285 872 3350 Patavii
884 3295 1043 3349 secretum
1057 3300 1132 3347 conr·
1174 3279 1175 3326 t

126 3370 284 3456 ponendae
301 3367 486 3455 proditionis
499 3373 678 3455 quaesitum.
721 3371 869 3454 Namque
896 3370 1044 3435 Lucilius
1066 3369 1132 3431 Bas·
1174 3365 1175 3404 ³

127 3477 192 3539 sus,
205 3465 277 3538 post
294 3455 515 3539 praefecturam
531 3458 597 3535 alae,
612 3457 787 3522 Ravennati
802 3458 898 3521 simul
911 3475 952 3519 ac
965 3448 1132 3519 Misenensi

127 3541 283 3605 classibus
298 3561 317 3603 a
332 3540 460 3603 Vitellio
476 3543 670 3624 praepositus,
692 3542 779 3625 quod
801 3562 866 3606 uon
886 3544 994 3605 statim
1008 3538 1132 3604 Praeieo

129 3636 233 3688 turam
249 3623 391 3687 Praetorii
407 3624 538 3706 adeptus
552 3625 641 3708 soret,
658 3627 802 3710 iniquam
816 3626 1015 3692 iracundiam
1028 3626 1051 3690 fl
1092 3622 1132 3685 iti·

127 3709 182 3770 aad
196 3706 331 3791 perfidia
344 3708 578 3774 ulciscebatur:
599 3731 660 3777 nec
671 3713 747 3776 sciri
757 3723 868 3797 potest,
882 3646 1132 3779 armoricanis·
