2392 4050
125 167 189 234 130
478 168 516 233 C.
532 167 643 233 Coan.
659 165 797 232 Tacrur
941 164 995 253 [A.
1009 163 1120 231 usu.

122 357 251 490 gem
272 338 395 406 Narniis
410 337 598 423 Vespasiani
619 337 788 420 exercitus,
803 338 900 403 festas
922 337 1049 404 Saturni
1066 336 1120 401 dies

154 424 267 491 ericuli
281 425 456 510 parotium
470 424 617 512 agitabat.
662 425 771 489 Causa
784 435 851 488 tam
864 443 970 509 pravae
984 442 1080 503 mora,
1091 432 1119 484 ut

122 510 315 577 Mucianum
339 510 568 597 opperirentur.
612 510 682 576 Nec
710 508 850 590 deluere,
875 508 933 592 qui
962 508 1118 574 Antonium

121 595 359 681 suspicionibus
374 606 552 683 arguerent,
564 606 716 679 tanquam
731 595 824 660 ‘dolo
839 604 1051 674 cunctantem,
1062 600 1118 676 past

122 691 259 747 accretas
281 683 402 748 Vitellii
416 681 574 767 epistolas,
588 682 707 765 quibus
721 681 938 746 Consulatum
950 689 984 743 et
997 679 1119 742 nubilem

122 767 224 833 filiam
237 778 269 833 at
276 767 398 833 dotales
407 786 492 851 opes,
504 766 848 850 pretiumproditionis,
860 765 1029 830 offerebat!
1060 760 1118 841 Alii,

123 852 218 919 ‘ficta
232 852 301 917 nac
322 862 354 916 at
368 852 403 917 in
424 852 561 938 gratiam
587 851 732 917 Muciani
746 849 940 934 composita)
985 848 1118 924 Quidam,

123 938 284 1003 ‘omnium
294 937 328 1002 id
339 937 471 1002 Ducum
482 937 656 1002 consilium
668 938 776 1016 luisse,
791 948 947 1001 ostentare
957 935 1056 1019 potibs
1065 930 1120 997 urbi

123 1023 255 1104 bellum,
269 1023 366 1107 quim
381 1022 517 1089 interra:
539 1022 669 1107 quanda
682 1022 889 1087 validissima
900 1022 1044 1086 cohortes
1056 1015 1121 1081 alli-

123 1108 211 1173 tellio
225 1107 444 1189 descivissent,
459 1119 500 1189 et,
511 1108 643 1172 abscisis
657 1108 807 1172 omnibns
818 1107 985 1191 praesidiis,
997 1122 1122 1170 casasums

123 1193 450 1277 Imperiovidabatur.
493 1194 558 1260 scd
573 1203 693 1259 cuncta
702 1193 913 1273 festinatione,
925 1190 1040 1256 deinde
1052 1191 1123 1276 igna-

122 1278 177 1344 vit
186 1278 308 1362 Sabini,
322 1290 490 1362 corrupta:
511 1278 577 1363 qui,
592 1280 706 1344 sumtis
719 1278 838 1343 temere
849 1278 956 1358 armis,
969 1272 1124 1342 munitissi-

123 1383 212 1429 mam
236 1364 378 1448 capitolii
403 1383 518 1445 arcem,
533 1375 565 1428 ct
578 1383 620 1428 ne
645 1382 679 1428 m
744 1365 771 1427 is
796 1362 927 1446 quidem
951 1360 1125 1428 exercitibus

124 1469 209 1536 expu
257 1451 383 1536 abilam,
406 1449 557 1514 adversus
578 1461 642 1513 tres
663 1469 703 1513 co
727 1460 810 1513 ortes
824 1448 907 1514 tueri
930 1446 1127 1531 nequivisset’

124 1536 199 1600 Hau
236 1535 331 1602 facile
346 1534 421 1619 quis
435 1535 494 1599 uni
515 1535 729 1622 assignaverit
751 1537 976 1619 culpamque
998 1533 1128 1598 omnium

123 1619 206 1685 suit:
228 1631 349 1686 namet
364 1620 537 1686 Mucianus
551 1619 713 1706 ambiguis
733 1620 877 1704 epistolis
890 1620 1028 1683 victores
1042 1635 1129 1681 mora·

123 1707 226 1787 batur,
241 1718 273 1772 et
286 1708 447 1773 Antonius
462 1715 653 1790 prepostero
671 1704 834 1787 obsequio,
850 1707 911 1785 rel,
926 1704 1007 1768 dum
1029 1700 1130 1785 regerit

124 1791 290 1874 invidiam,
306 1793 426 1860 crimen
449 1793 585 1856 maurit:
609 1792 769 1874 ceterique
792 1791 910 1871 Duces,
932 1789 1014 1853 dum
1038 1804 1129 1871 perac-

125 1889 195 1943 tum
209 1879 331 1945 bellum
344 1888 466 1963 putant,
481 1877 581 1942 finem
593 1876 664 1958 ejus
686 1875 891 1963 insignivere.
935 1875 986 1940 Ne
1011 1872 1129 1939 Petilius

124 1963 255 2050 quidem
270 1964 413 2048 Cerialis,
427 1983 505 2029 cum
518 1962 608 2028 mille
623 1962 784 2046 equitibus
794 1961 986 2048 praemissus,
998 1971 1035 2024 ut
1044 1970 1129 2022 trans

124 2051 226 2116 versia
240 2049 407 2115 itineribus
424 2068 482 2135 par
501 2068 616 2136 agrum
638 2048 797 2115 Sabinum
818 2047 1012 2114 saianans
1033 2046 1130 2111 urbem

125 2134 367 2217 introiret'satis
381 2144 613 2200 maturaverat:
635 2135 738 2199 donec
753 2134 874 2199 obsessi
896 2133 1039 2218 capitolii
1058 2130 1131 2196 fama

125 2232 259 2285 cunctos
272 2220 368 2286 simul
383 2220 512 2284 exciret
741 2260 748 2275 .
942 2268 944 2273 .

168 2304 330 2370 LXXIX.
353 2304 513 2371 Antoniam
541 2322 598 2388 per
627 2305 825 2370 Flaminiam
853 2303 892 2367 ad
921 2303 1013 2369 Saxa
1039 2303 1130 2377 rubra,

126 2390 229 2456 multo
239 2390 309 2473 jam
319 2390 431 2472 noetis,
445 2409 553 2455 serum
567 2391 727 2456 auxilium
741 2391 840 2455 veuit.
883 2390 958 2455 lllia
980 2385 1132 2454 ‘Interius

125 2484 198 2541 tum
221 2477 389 2559 Sabinum,
404 2476 615 2562 conflagrisse
638 2476 834 2561 capitolium,
858 2486 991 2541 tremere
1015 2468 1131 2548 urben,¹

126 2570 239 2627 moesta
266 2563 376 2627 amnia
403 2561 543 2646 accepit:
566 2562 709 2645 ‘plebem
731 2582 860 2645 quoque
881 2571 914 2626 et
934 2559 1066 2626 servitia
1085 2572 1131 2641 pro

126 2646 256 2712 Vitellio
271 2646 407 2727 armari,’
421 2646 641 2712 nuntiabatur.
685 2648 730 2712 Et
744 2647 859 2712 Petilio
871 2645 990 2711 Ceriali
1001 2655 1131 2729 equestre

125 2732 275 2816 pralium
289 2732 591 2798 adversumsuerat:
613 2750 753 2817 namque
763 2734 940 2811 incautum,
949 2742 981 2795 et
992 2743 1131 2815 tanquam

126 2817 167 2882 ad
181 2817 284 2884 victos
299 2831 454 2899 ruentem,
469 2817 643 2900 Vitelliani,
658 2817 843 2900 interjectus
857 2817 956 2901 equiti
973 2815 1076 2900 pedes,
1089 2829 1130 2878 ex·

127 2904 248 2990 cepere.
292 2904 477 2992 Pugnatum
492 2902 582 2968 haud
596 2904 710 2987 procul
725 2905 814 2985 urbe,
828 2904 912 2969 inter
925 2902 1061 2968 aedificia
1073 2901 1131 2962 bor·

127 2999 238 3074 tuaque
251 3001 284 3056 ct
307 2989 635 3073 anfractusviarum3
658 3009 730 3073 quae
756 3009 858 3075 gnara
882 2987 1072 3066 Vitellianis,
1093 2983 1130 3046 in·

126 3088 290 3160 comperta
303 3077 457 3158 hostibus,
472 3087 596 3140 metum
617 3075 774 3140 fecerant:
796 3094 901 3159 neque
921 3073 1027 3138 omnis
1047 3082 1128 3166 equs

126 3177 269 3243 concors,
285 3162 443 3246 &unctis
465 3159 668 3246 quibusdem,
683 3161 739 3245 qui
761 3179 865 3244 nuper
879 3159 966 3244 apud
989 3158 1128 3224 Naaman

127 3243 235 3327 dediti,
257 3248 420 3314 fortunam
441 3246 580 3331 partium
602 3247 858 3330 speculabantur.
902 3245 1035 3330 Capitur
1060 3243 1128 3306 nc

127 3330 229 3395 factus
243 3333 311 3413 alae,
328 3333 462 3399 Tullius
477 3331 678 3397 Flavianus:
701 3332 796 3397 ceteri
811 3330 895 3396 foeda
916 3329 994 3417 lugi
1009 3336 1126 3394 canna·
1161 3316 1164 3423 l

128 3426 255 3497 uantur,
270 3436 337 3482 non
350 3420 436 3482 ultra
450 3415 590 3481 Fidenas
604 3419 722 3483 secutis
735 3417 919 3483 victoribus.

152 3500 308 3580 ¹LXXX.
332 3502 384 3567 Eo
413 3518 566 3564 successu
599 3501 707 3566 studia
740 3501 849 3587 populi
882 3511 995 3566 aucta:
1024 3498 1124 3582 vulgus
1161 3524 1162 3547 l

128 3584 291 3651 urbanum
305 3606 394 3651 arma
408 3583 500 3667 cepit.
545 3585 662 3651 Paucis
677 3599 768 3652 scuta
779 3587 937 3668 militaria,
947 3589 1063 3671 plures,
1073 3595 1124 3660 rap

129 3669 178 3749 tis,
193 3670 280 3754 quod
291 3671 408 3757 cuique
419 3668 561 3750 obvium,
570 3668 650 3753 telis,
663 3673 812 3758 ‘signum
822 3673 948 3761 pugnae'
959 3671 1123 3758 exposcunt
