2392 4050
128 215 195 283 art
465 219 503 286 Ο.
518 220 629 287 Gonu.
645 218 809 287 Tacrrua
829 255 839 274 ·

128 388 213 456 lucis
227 388 366 473 candidi,
380 399 413 456 et
425 391 520 458 nullo
534 390 660 458 mortali
674 412 770 477 opere
784 389 942 458 conmoti:
962 408 1032 476 quoa
1041 401 1105 473 pres

127 492 180 540 soa
193 493 285 542 sacro
305 496 402 544 curru
417 477 582 564 Sacerdos,
604 497 643 543 ac
657 476 738 558 Rex,
760 479 812 545 vei
829 478 980 562 Princeps
992 473 1108 552 cinnes,

127 560 331 644 comitantur,
346 562 557 649 hinnitusque
570 583 608 628 ac
619 562 765 630 fremitus
774 564 956 629 observant
996 562 1056 629 Nec
1065 556 1109 626 ubi

127 648 274 732 auspicio
286 647 386 730 major
407 647 496 730 fides,
518 668 583 714 non
603 651 708 715 solnm
727 648 814 733 apud
829 649 965 732 plebem,
985 641 1112 729 sedapnd

127 749 282 827 proceres,
305 732 391 818 apud
405 733 602 802 Sacerdotes.
645 736 688 802 Se
702 735 790 801 enirn
804 734 969 800 ministros
989 734 1114 808 Dono,

127 818 359 884 tiloscouscios
395 829 497 886 utant.
541 818 1116 903 Estetnliaobservatioonspicioruu

125 904 192 988 qui
205 903 354 990 gravium
374 840 533 970 doliorum
551 917 688 971 eventus
704 908 902 989 explorant..
926 905 1010 986 Ejus
1028 901 1118 991 pennu

126 989 279 1072 numqui
289 990 411 1056 bellum
421 1000 477 1073 est,
492 991 664 1076 captivum,
676 1007 808 1076 quoquo
818 990 1120 1072 modointerccptuu.

126 1087 204 1140 curn
217 1074 320 1139 eiecto
342 1077 548 1160 popularium
570 1097 714 1158 snorum,
735 1077 848 1161 patriis
860 1095 1023 1162 quemque
1035 1072 1121 1150 uuit.

126 1157 351 1257 committunt:
372 1161 507 1229 victoria
521 1162 620 1245 hujus
635 1166 688 1229 vei
709 1164 799 1230 iilius
819 1182 878 1247 pro
893 1161 1123 1246 prejudicans
1177 1173 1178 1254 ζ

126 1254 255 1328 cipitur.
545 1297 548 1310 ,
640 1291 643 1294 -
884 1284 889 1295 ·
1177 1267 1178 1324 t

66 1329 105 1401 ἢ
168 1330 230 1396 ΧΙ.
253 1331 303 1397 ns
318 1331 496 1398 minoribus
511 1335 606 1399 rebus
621 1333 788 1418 Principes
802 1336 1006 1416 consultant3
1027 1331 1126 1396 dente
1177 1345 1178 1410 ξ

121 1414 247 1497 joribus
261 1436 393 1482 omues:
415 1418 460 1483 ita
473 1427 589 1501 tamen,
613 1431 650 1485 ut
671 1440 711 1484 ea
723 1440 862 1504 quoque,
884 1438 1026 1503 quourm
1046 1431 1125 1501 penu
1177 1413 1178 1428 ¹

125 1502 252 1586 plebem
264 1502 430 1568 arbitrium
443 1515 501 1586 est,
514 1504 601 1589 opud
618 1505 784 1589 Principes
800 1515 1040 1589 pertractentur.
1079 1502 1126 1566 cc

125 1590 213 1671 dunt,
235 1587 299 1653 nisi
312 1587 392 1673 quid
406 1587 574 1656 fortuitum
587 1605 619 1656 et
632 1591 778 1660 subitum
793 1591 952 1671 inciderit,
966 1588 1060 1654 certis
1076 1584 1128 1650 die

124 1673 195 1754 bus,
210 1679 283 1740 cum
298 1686 355 1739 ant
366 1674 535 1742 inchoetur
550 1679 638 1758 luna,
653 1686 710 1742 aut
724 1675 897 1762 impletur:
919 1694 999 1741 uam
1012 1671 1127 1771 qando

124 1760 221 1825 rebus
234 1760 297 1826 h'oc
309 1759 602 1845 auspicatissimum
611 1761 742 1828 initium
756 1762 901 1828 credunt.
935 1762 1005 1827 Nec
1018 1759 1126 1826 dicrum

124 1861 308 1928 numerum,
323 1857 443 1929 utnon,
457 1845 514 1910 sed
527 1848 674 1913 noctium
686 1860 882 1932 computant.
923 1846 980 1913 Sic
993 1844 1128 1909 constitu

123 1936 193 2012 unt,
207 1932 256 1997 sic
274 1931 469 1998 condicunt:
490 1947 557 1998 nox
570 1932 689 2000 ducere
702 1932 790 1998 diem
811 1934 950 1998 videtur.
993 1927 1076 1997 Illud
1092 1944 1128 1992 ex

124 2015 269 2083 libertate
280 2017 406 2100 vitium,
419 2016 506 2102 qubd
520 2038 586 2097 noo
598 2019 707 2103 simul,
718 2040 779 2086 nec
789 2031 828 2085 ut
837 2018 921 2102 jussi
932 2015 1127 2109 conveniunt

123 2102 181 2167 sod
194 2113 227 2167 et
240 2106 364 2168 alteret
377 2104 489 2169 tertius
500 2103 569 2181 dies
583 2107 788 2171 cunctatione
801 2103 993 2171 enuntiem
1005 2103 1128 2172 surm·

122 2196 187 2253 tur.
230 2188 275 2255 Ut
288 2189 387 2257 turbe
399 2189 529 2273 placuit,
544 2191 718 2256 considant
732 2190 856 2257 armati.
898 2189 1128 2269 silentiumne
1177 2184 1178 2259 i

122 2272 317 2358 Sacerdotes,
336 2273 454 2360 quibus
476 2286 598 2341 tumet
617 2276 785 2343 coercendi
803 2275 859 2357 jus
880 2288 937 2358 est,
957 2274 1128 2358 imperatur.
1177 2276 1178 2305 ³

123 2358 204 2426 Mox
218 2360 299 2443 Rex,
314 2361 367 2426 vei
379 2360 637 2447 Princepsprout
646 2373 725 2428 aetas
735 2363 862 2447 cuique,
874 2372 973 2447 prout
982 2356 1129 2435 nobilita,

122 2457 217 2529 prout
230 2446 330 2513 decus
343 2447 511 2530 bellorum,
525 2458 622 2530 prout
634 2447 788 2514 facundia
800 2459 857 2530 est,
869 2446 1053 2524 audiuntur,
1064 2459 1130 2508 auo·

84 2532 86 2538 ’
123 2530 247 2599 toritate
261 2529 419 2599 suadendi
435 2534 545 2620 magis,
558 2535 656 2619 quim
672 2532 808 2616 jubendi
821 2543 984 2618 potestate.
1026 2530 1062 2597 si
1074 2525 1129 2593 ab

122 2615 236 2698 plicuit
257 2617 424 2699 sententia,
448 2618 576 2685 fremitu
595 2628 828 2703 aspernantur3
852 2616 902 2683 siu
928 2616 1058 2702 placuit,
1078 2611 1132 2679 ira·

122 2719 210 2765 meas
229 2703 451 2768 concutiunt·
473 2705 768 2772 Honoratissimum
791 2705 937 2771 assensio
961 2710 1132 2791 genus‘est,

122 2785 220 2850 armis
235 2785 376 2852 laudare.
618 2834 631 2873 p
836 2850 839 2860 ,
895 2814 898 2821 ·

165 2872 243 2938 XII.
266 2873 358 2940 Licet
371 2873 458 2958 apud
481 2875 667 2941 concilium·
680 2894 831 2942 accusare
844 2893 973 2959 quoque
987 2885 1019 2938 et
1031 2868 1132 2937 discri-

122 2976 196 3025 men
211 2958 324 3046 capitis
346 2960 521 3026 intendere.
566 2962 738 3026 Distinctio
756 2980 928 3046 pennarum
948 2980 991 3024 ex
1004 2958 1130 3024 delicto:

120 3046 296 3143 proditores
307 3059 338 3112 et
351 3042 532 3147 transfugas
543 3047 710 3112 arboribus
720 3046 940 3131 suspendunt:
963 3044 1133 3131 ignavoset

121 3133 266 3197 imbelles
281 3145 313 3197 et
326 3154 457 3219 corpore
473 3133 610 3199 infames
625 3152 718 3198 coeno
729 3154 767 3198 ao
781 3131 908 3218 palude,
923 3130 1041 3212 injecti
1053 3129 1130 3223 insu·

120 3234 177 3300 per
201 3229 296 3298 crete,
316 3231 473 3307 mergunt
532 3217 711 3285 Diversitas
730 3217 881 3303 supplicii
902 3218 982 3283 illuc
1001 3212 1129 3299 respicit,

120 3309 276 3385 tunquam
286 3305 412 3369 scelera·
420 3304 544 3370 ostendi
559 3315 710 3388 oportent,
725 3303 806 3369 dom
818 3303 1008 3388 puniuntur,
1018 3297 1131 3386 flagita

120 3386 284 3452 abscondi.
327 3389 392 3454 Sed
414 3400 446 3453 et
468 3390 642 3455 levioribus
657 3388 798 3470 delictis,
825 3408 883 3473 pro
904 3387 1010 3468 ruodo,
1024 3400 1128 3470 praeut

119 3488 278 3556 equorum
291 3492 507 3558 pecorumque
521 3495 659 3540 numero
670 3474 814 3541 convicti
825 3475 1044 3540 mulctantur:
1065 3486 1128 3555 pau

119 3558 250 3623 mulctae
272 3557 363 3644 Regi,¹
377 3559 428 3623 vel
451 3559 583 3642 civitati,
606 3582 679 3646 pars
702 3560 772 3646 ipsi,
792 3560 849 3646 qui
871 3552 1127 3651 vindicaturus!

120 3641 308 3728 propinquis
322 3643 393 3725 ejus
410 3646 598 3710 exsolvitur.
643 3648 822 3733 Eligantur
846 3647 881 3712 in
901 3646 1017 3712 iisdem
1035 3658 1128 3710 contl-

119 3726 171 3792 liis
193 3743 226 3794 et
248 3729 422 3816 Principes,
443 3730 500 3817 qui
519 3730 596 3814 jure
617 3753 676 3819 per
698 3753 799 3822 pagos
821 3734 974 3821 vicosque
997 3729 1127 3800 reddant
