2392 4050
130 176 193 243 rao
472 177 509 243 c.
526 176 636 243 cona.
653 149 788 243 mem
952 172 1136 264 [ausae

127 349 302 437 promissis,
325 358 366 430 et,
388 368 460 434 qua
481 360 599 415 natura
620 348 851 433 trepidantium
865 358 922 430 est,
946 349 1137 414 immodicus.

130 439 225 509 Quin
236 449 277 502 ‚et
295 435 465 503 Ocesorem
486 457 522 501 se
533 436 611 500 ¹dici
627 437 740 516 voluit,
754 445 942 520 aspernatus
956 447 1073 499 antea:
1092 434 1137 498 sed

67 544 70 551 ⁴
128 534 217 604 tunc,
229 522 453 606 superstitione
467 521 621 602 nominis,
640 534 672 587 et
684 521 763 605 quia
777 522 810 586 iu
827 530 911 586 metu
929 520 1138 605 consiliapru·

128 609 275 675 dentium
293 617 325 673 et
341 608 430 694 vulgi
457 626 568 672 rumor
587 607 682 689 Juxta
704 606 891 672 audiuntur.
935 608 1092 687 Ceterum,
1109 615 1138 670 ut
1173 630 1178 685 ς

129 696 239 760 omnia
251 694 426 758 inconsulti
441 692 577 777 impetus
591 704 704 776 coepta,
720 693 820 757 initiis
831 690 948 772 valida,
963 693 1069 774 spatio
1084 695 1138 756 lau·
1172 690 1176 717 '¹

128 789 298 868 guescunt,
325 778 424 842 dilabi
447 779 607 862 paulatim
625 780 796 844 Senatores
818 778 1026 862 Equitesque,
1051 779 1136 863 prino

31 916 36 925 .
129 875 327 945 cunctanter,
353 875 394 946 et,
408 864 464 928 ubi
490 864 557 947 ipse
578 884 645 929 non
668 864 785 944 aderat,
808 885 887 929 mox
908 867 1096 929 contemtim
1113 872 1136 926 ct

129 950 199 1016 sine
224 950 427 1031 discrimine,
464 949 568 1013 donec
590 951 738 1016 Vitellius
761 951 881 1034 pudore
902 947 985 1012 irriti
1008 948 1136 1029 conatis,

123 1056 206 1122 ,quae
221 1055 287 1100 non
302 1034 470 1116 dabantur,
485 1035 616 1100 remisit
1171 1100 1174 1109 ,

174 1122 263 1188 LIX.
285 1122 330 1186 Ut
343 1132 498 1186 terrorem
522 1121 627 1185 ltaliae
646 1139 792 1204 possessa
815 1121 975 1200 Mevania,
1000 1141 1041 1184 ac
1063 1121 1137 1184 velut
1168 1130 1174 1143 ·

132 1215 281 1272 renatum
294 1227 335 1271 ex
350 1207 473 1293 integro
495 1208 627 1286 bellum,
649 1206 821 1289 intulerat;
845 1207 890 1270 ita
910 1206 1000 1270 haud
1014 1206 1137 1272 dubium

132 1311 210 1378 erga
222 1293 397 1369 Flavianas
409 1302 513 1375 partes
525 1292 672 1357 studium
680 1300 745 1354 tam
758 1291 894 1375 pavidus
906 1292 1029 1357 Vitellii
1041 1294 1139 1357 disces·

130 1398 188 1442 sus
199 1377 331 1443 addidit.
374 1378 512 1443 Erectus
527 1378 656 1458 Samnis
669 1377 887 1463 Pelignusque
901 1389 932 1443 et
942 1378 1043 1442 Marsi
1054 1396 1136 1469 equu-

132 1464 260 1537 latione,
275 1463 360 1547 qubd
377 1463 556 1546 Campania
570 1463 831 1548 praevenisset,u't
845 1466 976 1533 innovo
988 1462 1135 1547 obsequio,

132 1548 175 1614 ed
189 1561 307 1614 cuncta
319 1549 395 1616 belli
410 1549 522 1613 munia
537 1569 627 1614 acres
642 1558 742 1613 eraut.
785 1548 849 1613 Sed
860 1549 945 1614 stedi
955 1550 1081 1632 hyeme,
1091 1566 1136 1631 per

132 1635 303 1701 transitum
317 1634 481 1718 Apennini
505 1634 709 1699 conflictatus
731 1635 899 1715 exercitus,
925 1644 957 1697 et
971 1635 1028 1698 vix
1042 1634 1136 1717 quicto

176 1719 262 1785 utine
284 1723 375 1786 nives
397 1720 624 1800 eluctantibus,
646 1720 758 1803 patuit,
776 1733 934 1803 quantum
955 1718 1134 1783 discriminis
1167 1700 1173 1779 Ι

132 1742 320 1877 ffieundum
341 1806 430 1885 foret,
451 1805 487 1869 ni
513 1807 682 1870 Vitellium
706 1816 790 1869 retro
814 1807 959 1875 Fortuna
985 1806 1134 1869 vertisset:
1170 1858 1173 1867 .

132 1914 204 1980 quae
220 1893 387 1958 Flavianis
403 1892 550 1958 Ducibus
564 1910 631 1954 non
646 1893 751 1956 minus
775 1892 870 1974 saepe,
889 1892 986 1974 quam
1001 1890 1087 1969 ratio,
1100 1886 1134 1951 ai-

131 1981 203 2047 fait
247 1979 392 2045 Obvium
410 1978 478 2043 illic
500 1977 654 2043 Petilium
678 1976 836 2042 Cerialem
860 1978 1009 2057 habuere,
1033 1972 1135 2062 agresti

133 2069 224 2132 cultu
241 2077 273 2130 et
286 2065 399 2129 notitit
413 2066 558 2132 locorum
573 2063 736 2128 custodias
747 2064 865 2129 Vitellii
876 2066 1030 2148 elapsum.
1072 2062 1135 2126 Pro

94 2171 98 2178 ¹
132 2154 258 2238 pinqua
269 2147 408 2216 affinitas
424 2149 542 2213 Ceriali
557 2169 634 2214 cum
648 2149 852 2232 Vespasiano,
874 2169 933 2214 uec
958 2148 1024 2233 ipse
1046 2147 1133 2231 inglo

132 2239 200 2308 rius
215 2236 356 2301 militia:
379 2235 481 2317 ebque
506 2234 589 2300 inter
603 2236 712 2300 Duces
727 2232 885 2300 assumtus
909 2243 966 2298 est.
1010 2230 1132 2298 ‘Florio
1168 2285 1172 2296 .

132 2341 263 2420 qunque
285 2321 406 2387 Sabino
432 2340 470 2383 ac
485 2319 672 2385 Domitiano
694 2321 832 2405 patuisse
857 2320 1031 2405 effugium,’
1053 2314 1132 2410 multi
1167 2313 1174 2378 l

132 2409 300 2476 tradidere.
343 2407 386 2470 Et
399 2405 488 2471 missi
503 2407 544 2471 ab
559 2406 699 2472 Antonio
710 2406 817 2471 nuntii
832 2426 886 2489 per
897 2406 1004 2469 varias
1014 2401 1132 2469 fallendi

133 2508 215 2561 artes
230 2494 443 2581 penetrabant,
456 2492 566 2557 locum
576 2512 615 2555 ac
626 2492 817 2556 Praesidium
825 2500 1046 2555 monstrantes.
1082 2487 1132 2551 Sa

132 2581 228 2646 binus
244 2579 419 2645 inhabilem
434 2577 534 2642 labari
548 2589 580 2642 et
601 2577 743 2644 audacia
756 2576 974 2641 valetudinem
999 2573 1132 2641 causaba-

132 2678 205 2732 tur:
228 2665 413 2738 Domitiano
435 2662 542 2728 aderat
565 2663 713 2744 animus,
736 2663 790 2728 sed
816 2662 962 2727 custodes
985 2657 1132 2726 eVitcllio

133 2751 243 2833 additi,
257 2767 443 2834 quanquam
457 2768 491 2813 se
505 2748 610 2813 socios
632 2748 717 2831 iuga
740 2748 967 2833 promitterent,
993 2757 1130 2828 tanquam

133 2837 322 2906 insidiantes
344 2827 546 2898 timebantur.
598 2837 704 2918 Atque
726 2834 793 2918 ipse
816 2834 975 2914 Vitellius,
1000 2842 1128 2914 respectu

132 2944 267 2993 suarum
279 2919 562 3002 necessitudinum,
576 2920 660 2985 nibil
684 2920 718 2984 in
741 2919 964 2984 Domitianum
988 2928 1131 2996 atrorpa

134 3015 233 3081 rebat.
789 3058 791 3061 -

176 3098 250 3165 LX.
272 3095 381 3160 Duces
396 3092 535 3176 partium
547 3102 585 3157 ut
599 3092 750 3156 Carsulas
763 3090 889 3171 verrere,
911 3107 1030 3172 paucos
1043 3085 1079 3150 ad
1090 3100 1128 3146 re-

133 3184 243 3271 quiem
256 3180 324 3246 dies
338 3187 479 3258 sumunt,
500 3177 602 3241 donec
616 3178 730 3260 aquile
743 3177 898 3262 signaque
914 3175 1074 3260 legionum
1090 3187 1128 3232 as

133 3277 361 3354 sequerentur:
382 3277 413 3329 et
427 3266 518 3329 locus
532 3263 600 3346 ipse
615 3274 792 3327 castrorum
813 3261 966 3345 placebat,
981 3261 1044 3325 late
1058 3273 1127 3340 pros

133 3366 283 3445 pectens:
305 3360 374 3415 tuto
393 3350 557 3433 copiarum
572 3361 704 3435 aggestu
719 3370 727 3431 ;
749 3345 979 3412 florentissimis
993 3344 1071 3430 pone
1083 3353 1128 3402 ter·

134 3460 216 3528 gum
229 3434 431 3515 municipiis:
452 3434 548 3498 simul
567 3435 730 3516 colloquia
743 3453 819 3498 cum
833 3430 1020 3513 Vitellianis,
1035 3429 1127 3518 decent

134 3524 275 3592 millium
285 3518 386 3600 spatio
401 3517 600 3597 distantibus,
615 3529 647 3584 et
657 3518 794 3602 proditio
809 3519 1002 3602 sperebatur.
1045 3508 1125 3595 AEgri

135 3610 170 3676 id
183 3605 248 3690 pati
261 3602 362 3681 miles,
376 3610 408 3664 et
422 3599 589 3665 victoriam
610 3604 715 3684 malle,
735 3604 834 3686 quim
856 3621 987 3685 pacem:
1009 3620 1049 3665 ne
1067 3610 1125 3660 sntt

134 3693 268 3778 quidem
281 3685 422 3773 legiones
436 3684 689 3770 opperiebantur,
704 3698 741 3753 ut
751 3687 874 3772 prede,
885 3693 983 3769 quam
992 3682 1124 3769 periculo
