2392 4050
1004 1 1116 18 ,Ἴω-
1132 1 1141 4 -

131 170 195 236 140
474 172 511 238 G.
526 172 638 239 Gonu.
653 172 788 239 Tscrur
952 174 1001 263 [A.
1012 173 1047 239 U.
1059 172 1117 237 822

128 345 288 431 pertinere
302 345 344 411 ad
357 344 544 429 Vespasiani
559 345 724 428 honorem,
745 365 915 412 occurrere
934 347 990 428 illi,
1003 366 1073 429 quos
1083 347 1121 410 in·

129 431 529 498 nocentissimossanatus
554 432 677 512 babeat,
700 435 758 516 qui
781 434 924 500 bonest's
945 435 1120 497 sermonibus

127 515 606 603 aureslmperatorisimbuant.
643 518 759 585 Fuisse
768 518 963 603 Vespasiano
974 519 1121 583 amicitiam

129 623 207 669 cum
221 603 379 683 Thrasea,
403 604 536 683 Sorano,
551 603 681 668 Sentio:
703 624 844 687 qnorum
864 616 1064 686 accusatores,
1080 603 1121 668 ati·

130 690 211 755 amsi
225 690 333 774 puniri
347 708 415 752 non
430 698 582 771 oporteat,
597 692 750 756 ostentari
765 710 830 754 non
852 690 987 755 debere:
1008 690 1063 754 hoc
1081 690 1122 753 Se

128 775 222 844 nattis
247 773 371 855 judicio
397 775 488 840 velut
511 773 678 839 admoneri
704 776 894 860 Principem,
922 795 1003 859 quos
1025 776 1122 858 probet,

129 880 211 944 quos
226 858 430 926 reformidet:
452 860 584 924 nullum
596 859 702 941 majus
716 864 791 927 boni
805 862 936 945 Imperii
956 865 1123 937 instrumeu

130 957 209 1026 tum,
223 947 321 1029 quiam
336 947 435 1009 bonos
446 945 577 1010 amieos.
621 946 703 1010 Esse
716 947 791 1012 satis
806 948 970 1028 Marcello,
983 947 1063 1030 qubd
1076 946 1123 1010 Ne

129 1049 243 1096 ronam
260 1031 296 1096 in
309 1029 447 1096 eduum
459 1040 506 1095 tot
519 1030 744 1097 innocentium
758 1032 931 1116 impulerit.
975 1033 1122 1097 Frueremr

128 1115 267 1236 premiis
292 1126 325 1180 et
348 1116 561 1200 impunitate;
585 1117 818 1201 Vespasianum
841 1117 1026 1183 melioribus
1047 1116 1122 1184 reliu-

152 1211 250 1267 neret.

128 1221 261 1354 qvlll.
284 1286 468 1369 Marcellus,
498 1294 592 1352 ‘non
617 1306 713 1354 surm
737 1289 929 1355 manutium
952 1284 1121 1374 impugnari,
1163 1301 1164 1326 ³

129 1371 186 1438 scd
202 1373 380 1438 Consulem
397 1372 606 1458 designatum
619 1376 788 1439 censuisse'
801 1376 935 1456 dicebat,
951 1372 1122 1444 ‘neretum

128 1468 237 1524 vetera
250 1458 406 1542 exempla,
425 1477 502 1540 quar
526 1468 646 1523 sortem
668 1460 880 1547 legationibus
892 1462 1074 1544 posuissent,
1090 1474 1121 1522 ae

129 1543 296 1612 ambitioni
312 1556 367 1610 aut
381 1542 559 1608 inimicitiis
573 1544 666 1608 locus
679 1544 771 1611 foret
813 1545 903 1611 Nihil
917 1546 1065 1625 evenisse,
1078 1559 1122 1609 cut

129 1629 302 1714 antiquitus
322 1629 469 1716 instituis
483 1630 720 1695 exolescerent:
743 1641 799 1696 aut
812 1632 972 1715 Principis
991 1629 1120 1694 honoria

129 1714 322 1800 cujusquam
335 1714 565 1781 contumeliam
579 1727 776 1782 verteretur:
798 1715 943 1782 sufficere
965 1736 1071 1780 omnes
1081 1715 1121 1779 ob

128 1803 262 1887 sequlo:
282 1800 319 1864 id
329 1801 432 1887 magis
446 1800 625 1879 uitandum,
640 1820 682 1864 ne
696 1802 877 1885 pervicacii
889 1802 1083 1885 quorundam
1092 1800 1120 1862 ir·

129 1888 280 1952 ritaretur
297 1887 435 1966 animus,
460 1906 546 1951 novo
570 1886 757 1970 Principem
775 1907 959 1971 suspensus,
981 1898 1012 1950 et
1031 1887 1120 1949 vultm

128 1992 257 2071 quoque
279 1989 317 2038 ac
339 1990 501 2041 sermones
525 1971 674 2038 omnium
695 1974 975 2059 circumspectans.
1018 1972 1058 2038 Se
1073 1989 1120 2034 me

130 2062 262 2124 minusse
284 2069 473 2142 temporum,
494 2058 613 2141 quibus
634 2069 729 2123 natus
743 2059 793 2143 sit,
812 2080 912 2142 qnam
930 2058 1063 2123 civitatis
1075 2055 1130 2120 loa

129 2145 463 2226 mam-patresuviqne
475 2143 692 2208 instituerint:
715 2145 866 2211 ulteriora
877 2144 995 2225 mirari,
1009 2160 1119 2227 prasen-

129 2231 174 2295 tia
187 2229 295 2312 sequi:
318 2230 418 2294 bonos
440 2229 651 2313 Imperatores
670 2242 745 2296 voto
765 2241 922 2315 expetere,
943 2232 1120 2313 qualescum-

128 2335 193 2400 que
216 2316 360 2380 tolerare.
404 2314 479 2379 Nou
493 2315 594 2401 magis
609 2316 668 2381 sui
683 2315 825 2385 cranone
842 2316 1029 2396 Thraseam,
1045 2314 1119 2396 quim

126 2401 249 2487 judicio
262 2401 408 2481 sonatis,
422 2400 588 2467 afflictura
632 2402 798 2468 Saevitiam
811 2402 954 2467 Neronis·
964 2420 1018 2484 per
1029 2397 1116 2479 hujus

130 2487 216 2554 modi
240 2487 396 2575 imagines
417 2486 576 2552 illusisse:
599 2508 660 2552 nec
683 2488 788 2555 minus
809 2487 871 2552 sibi
893 2487 1025 2551 anxiam
1044 2486 1117 2548 tuen

129 2572 311 2655 amicitiem,
326 2575 424 2657 quim
435 2573 506 2637 aliis
520 2572 667 2640 exilium
710 2574 859 2656 Denique
878 2571 1060 2650 constantii,
1072 2567 1117 2631 for·

129 2659 273 2740 titudine,
303 2660 479 2724 Catonibus
501 2667 532 2721 et
556 2659 665 2724 Brutis
688 2671 864 2743 sequeretur
888 2658 1070 2737 Heluidium
1093 2671 1117 2715 sc

128 2763 234 2809 unum
248 2763 317 2808 esse
331 2765 373 2809 ex
386 2744 444 2808 illo
459 2745 591 2825 Senatu,
617 2746 672 2829 qui
686 2746 782 2809 simul
804 2743 958 2807 servierit.
1001 2740 1117 2808 Suadere

128 2830 225 2895 etiarn
239 2829 357 2913 Prisco,
379 2849 421 2894 ne
435 2849 533 2914 supra
555 2830 737 2926 Principem
753 2827 938 2894 scanderet:
960 2849 1003 2893 ne
1024 2829 1116 2906 Vespa

129 2916 267 2997 sianum,
284 2936 395 2984 senem
409 2916 647 3000 triumphalem,
659 2934 819 2997 Juvenum
831 2915 1004 2978 liberorum
1017 2923 1115 2996 patrem

129 3003 297 3087 praeceptis
311 3007 478 3069 euinceret.
523 3002 699 3073 Quomodo
722 2999 867 3084 pessimis
892 2996 1114 3087 Imperatoribus

129 3089 199 3155 siue
213 3090 277 3155 fine
290 3088 549 3170 dominationem,
572 3088 617 3151 ita
638 3087 785 3171 quamvis
808 3084 944 3171 egregiis
958 3084 1078 3149 modum
1089 3080 1114 3141 lt·

129 3175 267 3256 bertatis,
281 3177 424 3259 placere?
467 3174 555 3255 Hac,
571 3173 697 3257 magnis
710 3173 870 3254 utrimque
884 3167 1113 3236 contentionibus

126 3260 253 3340 jactata,
277 3261 412 3325 diversis
424 3257 545 3324 'studiis
566 3259 814 3342 accipiebantur.
859 3257 944 3322 Vicit
962 3275 1040 3339 pars,
1060 3267 1111 3334 qut

129 3344 234 3408 sortiri
245 3347 366 3432 legatos
376 3346 520 3425 malebat,
535 3345 632 3408 etiam
645 3343 758 3407 mediis
769 3344 901 3409 Petrum
911 3339 1110 3432 annitentibus,

129 3427 265 3494 retinere
280 3450 409 3495 morem.
454 3430 500 3493 Et
513 3429 788 3513 splendidissimus
808 3430 943 3513 quisque
964 3426 1109 3490 eodemu-

130 3513 278 3594 cliuabui,
293 3526 380 3579 matu
393 3513 531 3595 invidiae,
546 3515 574 3577 si
588 3517 649 3597 ipsi
659 3516 860 3601 eligerentur.

173 3600 231 3664 IX.
254 3601 410 3680 Secutum
430 3599 520 3664 aliud
541 3612 712 3664 certamen.
756 3602 911 3664 Proetores
933 3596 1106 3681 aretinam

128 3693 200 3750 tum
220 3684 445 3752 aPreetoribus
466 3687 660 3751 nacmbatuu
679 3687 845 3772 ararium)
866 3685 1041 3771 ‘publicem
1052 3691 1106 3764 pm·
