2392 4050
97 128 141 194 20
439 129 477 195 O.
493 128 603 197 Gonu.
618 128 753 196 Tactus
915 130 969 219 [A.
984 129 1025 196 U.
1040 130 1112 196 822.

97 310 213 370 ‘rostra
239 302 444 388 occupanda,'
469 306 644 384 censerent,
673 304 781 387 plures
805 303 928 368 tantiam
949 305 1112 370 sententiis

96 390 236 455 aliorum
256 388 518 470 contradicerent,
532 399 633 473 utque
646 390 754 453 evenit
768 389 802 454 in
821 390 964 453 consiliis
978 389 1113 455 infelici·
1167 457 1172 465 ,

95 476 166 556 bus,
176 475 296 559 optima
309 473 505 554 viderentur,
520 493 661 557 quorum
682 485 807 558 tempus
828 476 994 571 effugerat.
1037 477 1114 562 Agi-

95 561 178 625 tisse
193 561 289 641 Laco,
304 561 417 646 ignaro
437 560 551 641 Galba,
566 559 606 624 de
620 560 796 624 occidendo
811 560 854 624 Τ.
875 559 971 625 Vrnio
986 560 1111 643 dicitur,

95 647 164 711 sive
179 657 215 710 ut
229 645 324 731 poent
338 645 409 726 ejus
423 645 548 709 animos
569 645 711 710 militum
733 649 894 724 mulceret,
911 666 968 711 seu
991 648 1114 711 consci-

96 751 155 797 um
169 730 307 797 Othonis
321 730 476 812 credebat,
495 730 535 794 ad
557 741 763 814 postremum,
778 734 830 796 vel
852 731 936 796 odio.
979 732 1113 797 Haesita·

96 818 217 882 tionem
232 817 337 881 attulit
358 826 483 900 tempus
505 836 543 880 ac
568 815 676 897 locus,
691 818 776 899 quia,
799 816 892 881 initio
915 818 1010 881 credis
1032 829 1112 898 orto,

96 901 236 968 difficilis
251 901 387 967 modus:
409 913 441 965 et
453 902 622 966 turbavere
637 901 811 967 consilium
824 901 937 985 trepidi
952 903 1060 967 nuntii
1074 923 1115 968 ac

96 988 317 1073 proximorum
329 987 473 1073 diffugia,
497 988 724 1076 languentibus
745 988 891 1053 omnium
910 987 1034 1070 studiis,
1055 989 1114 1072 qui

96 1072 200 1159 primo
214 1074 334 1138 alacres
349 1072 447 1137 tidem
461 1083 555 1156 atque
568 1073 716 1137 animum
730 1083 973 1138 ostentaverant.

139 1158 213 1224 XL.
236 1160 398 1244 Agebatur
412 1160 478 1223 huc
492 1160 573 1223 illuc
587 1160 701 1238 Galba,
712 1159 803 1223 vario
813 1162 913 1239 turbae
924 1158 1114 1223 fluctuantis

95 1243 239 1328 impulsu
253 1267 261 1309 ε
283 1244 449 1328 completis
463 1244 607 1328 undique
621 1244 761 1309 basilicis
776 1262 814 1307 ac
828 1245 965 1327 templis,
979 1245 1113 1330 lugubri

95 1339 287 1413 prospectu:
309 1349 415 1415 neque
428 1330 549 1413 populi,
564 1339 621 1393 aut
634 1329 735 1414 plebis
750 1330 819 1393 ulla
832 1349 918 1412 vox3
941 1329 996 1394 sed
1010 1340 1115 1397 atton·
1137 1346 1141 1359 ·

95 1415 132 1479 iti
156 1417 267 1481 vultus
290 1425 323 1480 et
344 1435 505 1480 converse
528 1415 569 1479 ad
591 1415 701 1480 omnia
722 1434 832 1479 aures:
854 1433 922 1481 non
942 1417 1113 1496 tumultus,

97 1520 165 1565 non
179 1501 290 1585 quies:
312 1503 406 1586 quale
421 1500 530 1586 magni
552 1502 654 1567 metris
669 1510 700 1564 et
722 1521 846 1586 magnae
869 1500 924 1564 irae
946 1501 1115 1566 silentium

94 1596 151 1650 est.
195 1587 320 1652 Othoni
332 1597 449 1669 tamen,
472 1589 607 1651 ‘armari
621 1588 765 1671 plebem,'
779 1585 996 1652 nuntiabatur.
1041 1586 1113 1651 ‘Ire

94 1671 272 1757 precipites
286 1684 318 1736 et
331 1673 651 1756 occuparepericule'
661 1673 762 1755 jubet.
846 1671 892 1736 'tu
920 1673 1036 1736 milites
1048 1671 1111 1735 Be·
1147 1694 1161 1769 1

94 1758 191 1841 mani,
212 1758 306 1849 quasi
320 1760 500 1843 Vologesen
520 1770 577 1824 aut
594 1759 754 1822 Pacorum
773 1778 794 1821 a
840 1776 860 1819 o
945 1758 1114 1824 acidarum

94 1842 176 1909 solio
194 1842 369 1928 depulsuri,
392 1864 430 1937 ap
451 1863 517 1909 non
539 1846 767 1928 Imperatorem
786 1863 883 1908 suum
902 1844 1058 1908 inermem
1080 1853 1115 1907 et

93 1948 205 1994 senem
219 1931 376 1996 trucidare
391 1940 567 2028 porggrent,
587 1928 721 2011 disjecti
735 1931 835 2012 plebe,
854 1931 1041 2013 proculcato
1055 1929 1118 1994 Se·

94 2026 182 2098 natu,
198 2026 304 2082 truces
318 2036 424 2098 armis,
440 2015 558 2101 rapidis
579 2016 679 2100 equis,
702 2015 810 2080 forum
824 2013 1027 2099 irrumpunt:
1049 2034 1113 2081 nec

93 2099 167 2165 illos
178 2102 316 2185 capitolii
327 2113 480 2186 aspectus,
492 2113 523 2166 et
533 2102 772 2167 imminentium
783 2102 977 2185 templorum
987 2101 1112 2187 religio,

93 2195 126 2248 et
138 2186 258 2269 priores
272 2199 304 2251 et
318 2187 416 2252 futuri
427 2187 593 2271 Principes
608 2194 760 2265 terruere,
774 2186 840 2269 qud
853 2187 957 2253 minias
971 2187 1112 2252 facerent

82 2273 208 2354 caelus,
223 2272 317 2352 cujus
330 2274 417 2337 ultor
430 2283 487 2354 est,
501 2273 645 2356 quisquis
659 2272 821 2337 successit.

60 2347 109 2432 Ιχ)
135 2357 227 2422 XLI.
250 2358 326 2423 Viso
355 2357 503 2423 conrinus
529 2368 723 2423 armatorum
751 2356 889 2443 agmine,
920 2358 1112 2423 vexillarius

93 2442 249 2507 comitatae
265 2444 403 2508 Galbam
417 2444 556 2508 cohortis
578 2444 749 2542 (‘Atilium
762 2444 979 2530 Vergilionem
999 2443 1110 2508 fuisse'

92 2528 237 2617 tradunt)
261 2529 423 2614 dereptam
449 2531 560 2595 Galba
585 2529 762 2617 rmaginem
784 2531 853 2594 solo
879 2525 1003 2595 afflixit.
1057 2530 1110 2595 Eo

92 2613 185 2697 signo
200 2615 367 2680 manifesta
380 2616 415 2679 in
430 2616 592 2686 Othonem
606 2616 753 2681 omnium
775 2616 914 2680 militum
927 2617 1042 2696 studia,
1056 2616 1112 2679 de·

91 2710 214 2764 sertum
223 2700 302 2788 fugit
310 2702 419 2785 populi
430 2700 546 2783 sorum,
555 2700 706 2764 destricta
714 2701 865 2765 adversis
876 2698 1057 2766 dubitantes
1067 2712 1112 2765 te-

92 2785 133 2849 la
175 2787 274 2852 Juxta
283 2787 387 2851 Curtii
398 2789 516 2869 lacurn,
525 2786 735 2870 trepidatione
744 2784 915 2852 ferentium
926 2788 1032 2852 Galba
1041 2806 1113 2871 pro-

88 2869 193 2953 jactus
208 2892 226 2935 e
248 2872 326 2938 aelli
342 2893 380 2937 ac
394 2874 583 2956 provolutus
597 2883 653 2937 est.
697 2872 887 2937 Extremam
900 2871 971 2952 ejus
985 2892 1111 2953 vocem,

91 2966 129 3020 ut
138 2959 256 3041 cuique
267 2958 380 3025 odium
391 2967 447 3022 aut
458 2959 624 3023 admiratio
634 2958 704 3039 fuit,
714 2958 801 3023 varie
813 2958 989 3042 prodidere.
1032 2958 1110 3038 Alii,

90 3044 276 3127 suppliciter
297 3043 516 3132 interrogasse,
542 3044 638 3128 ‘quid
662 3044 738 3108 mali
760 3044 951 3108 meruisset
987 3063 1109 3128 paucos

91 3127 159 3191 dies
173 3130 369 3195 exsolvendo
391 3130 550 3197 donativo'
571 3129 793 3214 deprecatum:
816 3133 932 3213 plures,
956 3129 1109 3218 obtulisse

90 3214 177 3278 ultrd
191 3217 430 3299 percussoribus
441 3215 605 3304 jugulum,
621 3221 768 3303 ‘agerent
785 3236 824 3280 ac
838 3214 975 3300 ferirent,
990 3216 1018 3279 si
1031 3215 1108 3279 itae

90 3299 270 3383 Republicd
294 3301 482 3367 videretur:2
517 3321 585 3366 nou
610 3300 753 3367 interfuit
775 3299 1001 3382 occidentium,
1029 3299 1111 3383 quid

60 3445 62 3448 ,
90 3384 221 3451 diceret.
265 3388 315 3451 Do
331 3403 517 3469 percussore
531 3407 596 3453 non
618 3388 694 3452 satis
716 3396 857 3452 constat:
879 3387 1010 3470 quidam
1025 3386 1109 3449 ‘'re-

90 3470 232 3534 rentium
247 3472 430 3554 Euocatum
440 3474 458 3537 :'
480 3473 536 3536 alii
548 3480 555 3513 ‘
567 3473 747 3537 Lecanium
757 3474 774 3555 3’
795 3473 935 3538 crebrior
948 3472 1033 3536 fama
1049 3481 1108 3535 tra·

91 3552 171 3640 didit
196 3553 414 3634 ‘Camurium
437 3553 690 3640 quintaedecimae
720 3557 857 3644 legionis
880 3557 1024 3638 militem,
1050 3556 1109 3621 im·

90 3654 199 3718 presso
219 3639 336 3725 gladio,
347 3638 503 3725 jugulum
515 3641 586 3723 ejus
601 3644 762 3709 hausbse’
806 3642 912 3709 Ceteri
931 3662 1027 3750 crpra
1040 3644 1110 3708 bre·

943 3801 1054 3925 Μ,
