2392 4050
134 171 197 239 118
476 175 513 241 C.
529 175 639 243 Coss.
656 175 791 243 mom
955 178 1006 266 [A.
1019 178 1055 242 U.
1070 174 1124 238 822

132 346 301 413 Vitellium
311 349 475 428 remeavit,
486 347 713 433 abnuentique,
730 357 911 431 ί11111111,
922 370 996 433 quae
1006 349 1125 429 efferret¹

132 444 228 516 etque
249 436 336 499 ultrb
358 436 571 521 ‘corruptum'
593 436 760 521 arguenti3
784 436 1072 520 ‘quandoquidem'
1090 435 1127 498 in·

131 518 211 601 quit,
234 527 373 608 ‘magno
386 521 580 586 documento
591 540 673 606 opus
687 520 744 601 est,
756 540 816 586 nec
838 522 922 587 alius
941 522 1010 603 jam
1023 521 1072 586 tibi
1084 529 1127 584 aut

130 603 215 685 vitae,
237 617 294 671 sut
308 607 418 672 mortis
439 626 516 673 meae
531 625 620 687 usus,
644 606 736 686 dabo,
758 608 813 672 eni
834 608 945 673 credas
959 610 976 673 :'
998 619 1084 690 atque
1095 606 1129 669 ita

131 688 301 778 digressus,
338 691 520 758 voluntarii
547 704 649 756 morte
675 690 762 756 dieta
789 693 940 758 firmavit
1005 692 1129 764 Quidam

132 774 244 857 ‘jussu
267 777 387 843 Vitellii
408 776 641 862 interfectum3'
661 777 702 845 de
724 778 808 843 ‘lide
829 780 1074 862 constantiique¹
1090 797 1129 842 ea·

131 861 216 940 dem,
231 862 399 928 tradidere.

175 947 243 1012 LV.
265 948 425 1031 Vitellius,
438 957 475 1015 ut
489 970 508 1014 e
522 969 634 1014 somno
646 948 780 1031 excitus,
797 948 942 1016 ‘Julium
956 950 1129 1017 Prisenmet

131 1032 322 1115 Alphenum
337 1035 460 1100 Varum
478 1054 556 1100 eum
576 1034 821 1119 quatuordecim
840 1037 1000 1102 Praetoriis
1015 1033 1129 1100 cohorti·

131 1118 192 1183 bus
206 1126 238 1181 et
249 1118 405 1185 omnibus
416 1120 564 1205 equitum
578 1121 639 1185 alis
653 1120 797 1186 obsidere
812 1122 1032 1205 Apenninum'
1049 1119 1130 1202 jubet.
1169 1132 1170 1179 l

131 1202 254 1270 Secuta
274 1225 293 1268 e
314 1206 456 1272 classicis
476 1205 570 1293 legio.
615 1207 683 1271 Tot
707 1206 813 1271 millia
837 1218 1044 1288 armatorum,
1067 1209 1131 1272 leda

130 1289 223 1372 equis
236 1288 388 1374 virisque,
401 1291 429 1357 11
446 1292 525 1357 Dux
539 1292 623 1356 alius
636 1291 724 1372 foret,
740 1291 908 1357 inferendo
921 1312 1051 1376 quoque
1064 1291 1130 1356 bello

130 1375 208 1439 satis
226 1376 398 1472 pollebant.
442 1377 562 1444 Ceterae
579 1377 727 1445 cohortes
746 1377 960 1443 adtuendam
978 1376 1130 1443 urbemb

131 1456 261 1525 Vitellio
278 1460 367 1526 fratri
386 1461 478 1528 detar.
522 1464 604 1546 lpse,
625 1463 708 1528 nihil
723 1482 742 1526 e
757 1464 852 1528 solito
872 1465 957 1545 luxu
977 1463 1131 1539 remittens,

130 1557 163 1611 et
172 1545 349 1611 diffidentie
362 1566 525 1632 properus,
539 1547 691 1613 festinare
705 1549 843 1631 comitia,
857 1549 978 1632 quibus
992 1549 1131 1614 conside

132 1629 168 1697 in
185 1632 307 1696 multos
329 1652 432 1698 annos
454 1634 654 1699 destinabat:
676 1634 798 1701 foedera
819 1634 924 1714 111111,
950 1634 1080 1699 Latium
1091 1651 1130 1697 er·

131 1717 239 1800 ternis,
261 1717 423 1805 dilargiri:
445 1719 496 1784 his
517 1718 638 1784 tributa
657 1719 826 1800 dimittere,
848 1717 1131 1785 aliosimmunitan'·

131 1802 193 1866 bus
211 1802 345 1889 juvare;
368 1804 516 1890 denique,
538 1805 633 1870 nulli
656 1806 691 1869 in
714 1817 879 1890 posterum
899 1805 988 1884 ouri,
1013 1807 1130 1870 lacerare

131 1887 316 1973 Imperium.
371 1890 436 1957 Sed
451 1893 571 1976 vulgus
586 1891 628 1955 sd
651 1891 906 1977 magnitudinem
920 1891 1130 1955 beneficiorum

131 1974 261 2042 aderat:
282 1977 489 2042 stultissimus
504 1976 641 2062 quisque
662 1977 808 2061 pecuniis
822 1977 1042 2042 mercabatur:
1063 1971 1131 2058 apud

130 2061 289 2144 sepientes
304 2081 395 2127 oassa
404 2063 612 2145 habebantur,
624 2083 696 2147 quae
708 2084 813 2147 neque
823 2063 902 2143 deri,
918 2082 1024 2147 neque
1038 2059 1129 2143 accipi,

130 2147 221 2211 salvi
236 2146 423 2231 Republioi,
448 2158 604 2231 poterant.
648 2149 800 2215 Tandem
812 2148 976 2235 flagitante
998 2147 1129 2221 exercitu.

130 2230 187 2315 qui
203 2231 389 2297 Mevaniam
399 2232 566 2314 insederat,
582 2254 701 2322 magno
713 2237 907 2300 Senatorum
921 2235 1129 2316 agminaque

131 2333 205 2381 rum
218 2319 337 2383 multos
351 2318 532 2399 ambitione,
547 2321 656 2403 plures
672 2321 842 2386 formidine
856 2319 1010 2400 trahebat,
1025 2321 1059 2383 in
1079 2336 1129 2382 aas

130 2412 180 2467 tra
196 2404 293 2484 venit,
307 2403 451 2470 incertus
463 2399 564 2470 a'nimi
578 2418 609 2469 et
622 2405 732 2471 inlidis
747 2405 889 2471 consiliis
903 2406 1072 2471 obnoxius.

173 2488 258 2555 LVI.
282 2488 496 2555 Conoionanti
518 2490 756 2576 (prodigiosum
775 2492 878 2577 dictu)
903 2502 1031 2556 tantum
1051 2486 1128 2555 foeda·

130 2592 206 2638 rum
222 2577 397 2640 volucrum
414 2596 454 2641 su
494 2575 665 2658 rvolitavit‚
686 2589 724 2642 ut
743 2578 830 2641 nube
852 2576 920 2641 atre
934 2575 1023 2641 diem
1041 2578 1128 2641 obten-

130 2657 251 2726 derent.
295 2662 439 2726 Accessit
451 2596 559 2727 girum
572 2682 677 2742 omen,
693 2662 849 2749 profugus
860 2662 1014 2727 altaribus
1028 2673 1128 2755 munit,

55 2750 57 2755 ’
128 2741 262 2827 disjecto
283 2746 433 2812 sacrificii
455 2759 618 2833 apparatu,
633 2749 739 2834 longis,
751 2768 832 2831 ⁴nee,
853 2746 910 2811 ubi
926 2745 1016 2811 feriri
1030 2748 1128 2811 hostias

28 2841 30 2900 ἐ
130 2850 200 2900 mos
214 2841 271 2913 est,
283 2831 460 2898 confossus.
503 2832 570 2897 Sed
584 2834 785 2918 praecipuum
797 2834 865 2917 ipse
880 2832 1031 2897 Vitellius
1044 2841 1128 2896 osten

28 2975 30 3000 ,
130 2927 200 2983 tum
224 2928 308 3015 eret,
328 2916 462 3004 ignarus
487 2917 622 3000 militiae,
646 2915 848 3003 improvidus
872 2916 1022 3000 oonsilii3
1055 2911 1128 2999 ‘quis

28 3013 29 3086 ]
130 3002 208 3069 ordo
224 3003 372 3089 agminis,
386 3023 459 3087 quae
474 3023 553 3069 eure
561 3005 760 3090 explorandi,
775 3002 1074 3088 quantusurgendo
1084 3011 1128 3064 trr-

130 3087 280 3154 hendove
296 3090 379 3155 bello
401 3088 533 3171 modum
556 3088 637 3155 alios
659 3091 809 3175 rogitans,
829 3099 861 3154 et
875 3088 914 3154 ed
937 3109 1049 3154 omnes
1062 3102 1127 3151 nun·
1147 3165 1150 3176 y

28 3205 29 3228 2
130 3172 201 3254 tios,
224 3176 319 3240 vultu
333 3194 461 3260 quoque
475 3189 507 3239 et
520 3175 650 3241 incessu
670 3175 822 3259 trepidus,
843 3174 918 3240 dein
939 3176 1127 3239 temulentus

70 3256 72 3260 ’
131 3258 296 3325 Postremb
309 3259 402 3324 tedio
422 3270 610 3343 castrorum,
625 3272 657 3327 et
670 3260 781 3326 auditi
795 3259 971 3324 defectione
986 3260 1127 3325 Miserere

128 3343 176 3412 sis
188 3345 309 3423 elassis,
323 3344 461 3412 Romam
474 3345 613 3428 revertit,
634 3345 891 3413 recentissimum
909 3346 1057 3430 quodque
1069 3339 1126 3405 rul-

28 3479 30 3482 .
129 3448 194 3494 nus
208 3450 339 3514 parens,
360 3428 478 3496 summi
502 3431 699 3498 discriminis
721 3432 912 3497 incuriosus.
955 3431 1049 3509 Nam,
1068 3432 1125 3492 eim

28 3553 30 3562 ,
130 3515 309 3601 transgredi
329 3515 550 3604 Apenninum,
575 3516 700 3604 integro
725 3516 882 3583 exercitiis
900 3515 952 3581 sui
972 3517 1126 3593 roboras

28 3651 32 3674 ,
130 3598 229 3665 fessos
245 3599 360 3684 hyeme
374 3610 469 3696 atque
477 3600 587 3684 inopiis
597 3604 704 3667 hostes
719 3603 859 3690 aggredi,
875 3604 909 3668 in
925 3611 1032 3686 aperto
1044 3600 1123 3670 feren

28 3691 32 3798 ξ
129 3682 211 3752 dum
222 3683 375 3775 dispergit
388 3702 482 3767 vires,
502 3688 694 3756 acerrimum
717 3687 858 3772 militem,
879 3699 912 3755 et
924 3708 1028 3775 usque
1041 3685 1072 3753 in
1084 3702 1125 3749 er·
