2392 4050
75 233 109 301 b
124 235 232 326 G.69.]
325 212 596 309 'Hraroerra
612 226 790 300 Tramas.
1018 234 1080 299 115

75 408 212 490 barbaris,
227 406 300 488 fide,
323 416 436 492 pectus
450 405 577 473 Aniceti
602 405 746 488 exitium,
770 404 923 493 perfugas
941 405 1081 488 tradidit,

74 495 208 577 belloque
222 494 333 559 servili
348 493 422 558 finis
437 490 616 577 impositus.
660 493 789 556 Laetum
804 491 843 556 ed
856 491 991 556 victoria
1006 493 1083 555 Vas

73 581 240 663 pasianum,
271 579 398 645 cunctis
423 597 520 662 super
543 587 621 641 vota
647 577 828 656 liuentibus,
855 577 1083 642 Cremonensis

73 665 165 748 prelii
185 665 320 731 nuntius
342 664 377 729 in
392 663 536 750 AEgypto
560 662 750 747 assequitur.
794 663 846 729 Eo
863 662 1082 748 properantius

73 751 297 816 Alexandriam
319 748 431 836 pergit,
456 760 501 830 nt,
522 747 623 813 fracto
646 747 770 815 Vitellii
791 747 946 830 exercitu,
970 751 1084 814 urbem

73 856 191 920 quoque
205 846 346 902 extemae
359 836 433 920 opis
444 833 590 921 indigam
610 833 695 898 fame
709 847 846 922 urgeret
890 834 1038 917 Namque
1051 846 1084 900 et

73 920 217 1003 Africam,
232 921 345 986 eodem
358 923 456 987 latere
470 919 573 999 sitam
595 919 679 982 terri
700 919 844 1005 marique
858 919 1010 987 invadere
1029 940 1084 1005 pa·

73 1007 296 1156 pabetfolausis
317 1025 455 1072 annona
476 1003 638 1085 subsidiis,
661 1003 806 1089 inopiam
827 1026 866 1071 ec
888 1005 1084 1072 discerdiam

92 1095 147 1158 orti
175 1104 317 1157 aeturus.

110 1178 231 1245 XLIX.
254 1178 345 1243 Dum
358 1175 420 1240 hac
442 1173 542 1239 totius
563 1174 649 1239 orbis
670 1176 847 1241 mutatione
869 1175 1000 1241 fortuna
1020 1178 1084 1243 lm·

71 1264 143 1347 perii
156 1263 281 1343 transit,
296 1262 425 1327 Primus
438 1259 602 1325 Antonius
616 1260 823 1345 nequiquam
843 1263 911 1347 puri
929 1262 1084 1328 innocen·

72 1349 111 1412 tii
133 1358 204 1434 post
233 1349 427 1414 Granourm
453 1345 585 1433 agebat3
608 1344 808 1412 musiactum
835 1347 922 1413 bello
941 1359 1029 1413 retus
1051 1361 1084 1414 et

72 1444 172 1498 cetera
192 1452 235 1499 ex
255 1432 353 1514 facili,
376 1451 433 1496 seu
455 1431 589 1497 felicitas
612 1431 647 1496 iu
671 1433 728 1496 tali
750 1432 783 1496 in
827 1435 882 1497 nio
905 1433 1083 1517 avaritiam,

71 1520 258 1604 superbiam,
278 1527 445 1601 ceteraque
458 1517 589 1582 occulta
602 1518 688 1581 mula
709 1528 781 1601 pate
793 1519 874 1584 ecit:
896 1530 934 1583 ut
946 1532 1082 1604 captam,

72 1604 193 1670 ltaliam
217 1606 412 1688 permitare3
434 1612 472 1668 ut
496 1620 581 1682 suas,
607 1603 750 1689 legiones
775 1604 899 1688 colere3
931 1606 1082 1671 omuibus

72 1688 157 1756 dictis
171 1691 308 1773 fatisque
322 1690 410 1754 riam
430 1689 491 1754 sibi
510 1686 552 1751 ad
565 1689 741 1772 potentiam
761 1699 904 1754 struere:
926 1701 1025 1774 utque
1045 1691 1083 1756 li·

72 1776 171 1841 centii
186 1776 322 1840 militem
335 1773 500 1854 imbueret,
523 1772 763 1838 interfectorum
777 1775 1013 1841 centurionum
1033 1794 1084 1842 or-

71 1858 158 1926 diues
168 1861 348 1948 legionibus
359 1859 524 1924 offerebat:
538 1877 577 1922 eo
588 1857 744 1944 suffragio
752 1859 988 1924 turbidissimus
996 1862 1083 1946 quis-

71 1965 129 2030 que
142 1947 273 2012 delecti:
295 1965 355 2010 nee
370 1944 462 2010 miles
476 1944 511 2010 iu
525 1942 655 2009 arbitrio
667 1940 809 2029 Ducum,
821 1943 877 2009 sed
890 1946 988 2011 duces
1000 1946 1083 2013 mili-

71 2034 125 2097 tari
138 2032 294 2098 violentia
304 2031 520 2096 trahebantur.
565 2031 651 2101 Quae
662 2029 821 2113 seditiosa,
836 2044 867 2097 et
878 2049 1083 2120 corrumpen.

72 2115 118 2182 dae
131 2118 324 2204 disciplinae‚
338 2137 414 2183 mox
433 2116 467 2181 iu
483 2115 625 2201 predam
644 2117 796 2197 vertebat,
811 2118 894 2184 nihil
908 2117 1084 2188 adventan-

72 2212 131 2266 tem
153 2204 346 2269 Mucianum
365 2201 495 2285 veritus,
509 2200 597 2287 quod
616 2201 783 2267 exitiosius
796 2214 872 2286 erat,
894 2206 993 2288 quim
1006 2209 1084 2273 Ves-

73 2289 238 2372 pasianum
252 2287 419 2372 sprevisse.

111 2375 149 2438 L.
178 2376 329 2439 Getarum
352 2371 533 2457 propinqui
556 2372 694 2457 hyeme,
707 2383 740 2437 et
763 2372 969 2441 humentibus
992 2378 1082 2444 Pado

72 2460 197 2543 campis,
222 2458 409 2543 expeditum
435 2476 551 2545 agmen
573 2457 730 2522 incedere.
774 2459 877 2545 Signa
901 2463 1083 2547 aquilaque

72 2545 252 2609 victricium
264 2544 438 2630 legionum,
457 2542 574 2607 mili-tes
587 2543 776 2608 vulneribus
790 2554 847 2608 aut
860 2555 952 2611 aetate
1005 2569 1082 2615 aves

72 2630 210 2715 plerique
224 2627 459 2716 etiamiutegri,
482 2629 615 2695 Veronae
630 2629 751 2694 relicti:
773 2630 920 2696 sufficere
935 2653 973 2698 co
998 2648 1082 2700 ortes

73 2715 204 2800 alaeque,
226 2727 258 2781 et
279 2714 492 2801 elegionibus
514 2713 597 2794 lecti,
619 2714 787 2802 profligato
805 2715 874 2798 jam
887 2718 980 2803 bello,
995 2720 1083 2787 vide·

73 2799 196 2867 bantur.
241 2800 421 2867 Undecima
431 2802 514 2885 legio
524 2819 593 2864 sese
603 2799 800 2882 adjunxerat,
812 2802 904 2868 initio
913 2816 1080 2891 cunctata3

74 2886 135 2967 sed,
158 2887 313 2971 prosperis
327 2886 430 2968 rebus,
452 2884 557 2966 anxia,
578 2885 666 2969 qubd
686 2886 848 2952 doluisset.
892 2890 959 2954 Sex
979 2893 1083 2958 millia

75 2970 301 3054 Dalmatarum,
326 2991 437 3037 recens
461 2971 612 3051 delectus,
638 2972 881 3037 comitabantur.
935 2976 1083 3043 Ducebat

75 3055 225 3142 Poppaeus
247 3057 409 3139 Silvanus,
433 3056 646 3121 Consularis:
676 3057 726 3120 ris
751 3057 960 3125 consiliorum
983 3079 1081 3145 penes

75 3142 217 3208 Annium
230 3145 375 3223 Bassum,
390 3142 526 3229 legionis
539 3141 718 3226 Legatum:
740 3141 768 3204 is
784 3143 963 3227 Silvanum,
977 3167 1082 3217 socor-

74 3225 146 3292 dem
158 3229 250 3314 bello‚
264 3240 297 3294 ct
310 3229 378 3293 dies
392 3247 500 3294 rerum
513 3226 619 3292 verbis
633 3236 796 3308 terentem,
818 3231 923 3313 specie
937 3233 1081 3319 obsequii

74 3315 205 3398 regebat,
221 3316 262 3378 ad
275 3314 455 3397 omniaque,
470 3332 541 3397 qua
556 3312 681 3399 agenda
694 3313 806 3395 forent,
820 3316 926 3398 quieta
942 3338 1018 3385 cum
1032 3323 1081 3387 in·

74 3395 192 3462 dustria
207 3401 321 3466 aderat.
364 3399 416 3464 Ad
430 3400 489 3464 has
503 3398 620 3482 copias,
642 3418 660 3462 e
675 3398 815 3464 classicis
829 3401 1080 3492 Rauennatibus,

77 3482 279 3566 legionariam
289 3484 436 3549 militiam
444 3483 658 3568 poscentibus,
672 3486 812 3569 optimus
822 3488 957 3571 quisque
968 3493 1079 3558 asciti:

77 3567 214 3635 classem
235 3572 392 3637 Dalmatae
409 3570 609 3655 supplevere.
653 3570 825 3635 Exercitus
847 3573 1018 3657 Ducesque
1038 3577 1080 3640 ad

78 3652 201 3721 Fanum
211 3657 365 3722 Fortunae
376 3657 434 3721 iter
443 3656 569 3734 sistunt,
579 3655 621 3718 de
631 3656 758 3720 summa
768 3676 874 3720 rerum
884 3667 1080 3738 cunctantes,

77 3738 160 3822 quod
172 3751 291 3810 ‘motas
304 3761 347 3807 ex
359 3743 438 3809 urbe
451 3739 615 3827 praetorias
628 3738 783 3805 cohortes'
797 3738 971 3819 audierant,
991 3749 1024 3801 et
1037 3748 1081 3802 te
