2392 4050
75 200 118 265 26
340 289 342 293 Ι
416 197 453 265 G.
470 197 579 263 Oeen.
595 195 732 264 'I'rcrrr
899 199 951 287 [A.
966 200 1006 265 U.
1020 201 1101 264 822.
1184 242 1185 303 3

24 366 26 372 ’
74 371 179 451 ironis,
194 368 371 436 adimendis
386 368 628 458 assignandisve
642 369 766 434 militie
784 369 958 452 ordinibus,
973 373 1102 460 integre

74 465 263 522 mutaverat
307 457 376 521 Nec
391 456 579 522 Consularis
602 457 716 553 Legati
736 458 1014 538 mensurandis
1031 479 1102 523 rna-
1184 478 1185 501 ¹

70 539 125 624 jus
140 543 251 607 omnia
275 543 519 625 accipiebantur.
565 541 611 605 Et
624 542 774 606 Vitellius
797 542 885 626 apud
898 546 1103 623 seremshu-
1184 570 1185 609 l

56 628 168 694 milis.
223 627 262 692 Id
285 629 466 692 comitatem
495 628 732 710 bonitatemque
760 628 902 693 faventes
931 632 1102 710 vocabant,
1184 628 1185 665 ³

73 714 161 798 quod
188 713 259 787 sine
287 712 392 794 modo,
425 713 495 778 sine
520 712 644 796 judicio
672 714 805 778 donaret
833 734 902 797 sua,
928 715 1103 802 largiretur

73 801 197 866 aliena:
219 798 317 862 simul
329 798 481 864 aviditate
492 796 683 882 imperandi.
726 799 959 883 lpsavitiapro
974 801 1104 864 virtuti·
1184 808 1185 813 ’

72 886 134 950 bus
149 886 437 966 interpretabantur
452 884 546 948 multi
561 885 595 948 in
611 896 745 969 utroque
767 886 911 950 exercitu
933 886 1018 950 sicut
1031 906 1104 950 mo·

72 971 153 1035 desti
163 970 333 1053 quietique,
348 970 394 1033 ita
407 971 485 1035 mali
499 980 531 1033 et
544 971 677 1057 strenui.
721 969 785 1035 Sed
799 969 929 1054 profusa
944 971 1103 1054 cupidine

73 1070 105 1120 et
120 1055 241 1141 insigni
255 1055 431 1120 temeritate
445 1055 559 1142 Legati
569 1056 747 1141 legionum,
762 1057 899 1120 Alienus
921 1056 1051 1121 Caecina
1064 1066 1103 1121 et

73 1141 196 1207 Fabius
209 1142 346 1207 Valens:
361 1142 508 1224 equibus
517 1141 645 1223 Valens,
658 1141 801 1206 infensus
813 1142 935 1222 Galbae,
945 1153 1104 1224 tanquam

73 1227 230 1291 detectam
252 1246 318 1291 ase
333 1226 476 1312 Verginii
498 1228 746 1308 cunctationem,
767 1246 918 1311 oppressa
932 1228 1103 1312 Capitonis

74 1312 210 1378 consilia
223 1311 348 1397 ingrate
362 1314 494 1393 tulisset,
505 1311 657 1398 instigare
667 1313 840 1393 Vitellium,
856 1312 1015 1377 ‘ardorem
1026 1313 1104 1377 mil-

73 1399 166 1463 itum'
177 1407 349 1463 ostentans.
393 1399 520 1481 ‘Ipsum
533 1398 649 1462 celebri
663 1398 781 1481 ubique
796 1398 903 1462 fama:
925 1399 1052 1465 nullam
1063 1399 1102 1464 in

73 1485 194 1551 Flacco
209 1482 394 1549 Hordeonio
415 1503 558 1549 moram:
582 1484 680 1546 affore
702 1484 925 1548 Britanniam:
947 1495 1104 1548 secutura

72 1572 314 1634 ‘Germanorum
327 1568 470 1633 auxilia:
493 1569 578 1636 malie
593 1568 675 1633 fides
692 1569 894 1652 provincias:
916 1570 1103 1653 precarium

73 1653 336 1738 seni·lmperium
356 1664 388 1718 et
402 1655 491 1719 brevi
513 1655 743 1721 transiturum:
765 1653 920 1738 panderet
941 1655 1035 1719 modb
1057 1655 1102 1718 si-

73 1760 156 1807 num
181 1752 212 1804 et
225 1739 369 1805 venienti
391 1741 543 1804 Fortuna
565 1751 755 1805 occurreret.
799 1740 915 1804 Merito
935 1740 1101 1805 dubiesse

73 1826 277 1913 Verginium,
298 1827 449 1909 Equestri
472 1824 604 1908 familie,
630 1825 741 1911 ignoto
762 1836 868 1921 patre:
890 1825 1054 1908 imparem,
1069 1825 1102 1890 ei

73 1913 244 1996 recepisset
259 1911 454 1995 Imperium:
476 1921 591 1992 tutum,
614 1911 643 1974 si
657 1911 843 1976 recusasset.
886 1912 1014 1976 Vitellio
1032 1923 1101 1975 tres
1184 1916 1185 1971 ἒ

73 1999 172 2083 patris
187 1999 393 2077 Gonsulatus,
417 1998 606 2077 Caesarem,
631 1996 807 2083 collegium
832 1997 1102 2081 Gaesaris,i1npo-

74 2104 151 2149 nere
173 2082 368 2166 jampridem
381 2084 584 2165 Imperatoris
598 2082 827 2169 dignationem,
843 2083 967 2147 auferre
981 2084 1102 2167 privati

73 2168 295 2236 securitatem?
338 2167 553 2240 Quatiebetnr
576 2167 628 2230 his
647 2188 745 2253 segne
767 2168 944 2255 ingenium,
967 2180 1004 2234 ut
1025 2187 1103 2234 con·

12 2299 17 2309 «
74 2255 253 2337 cupisceret
266 2253 485 2340 magis‚qudm
498 2265 535 2317 ut
548 2268 697 2338 speraret.
1127 2297 1130 2300 -

117 2340 206 2404 LIll.
228 2340 272 2404 At
285 2340 320 2404 in
335 2340 496 2422 superiore
508 2338 693 2418 Germania,
707 2340 845 2417 Oaecina,
855 2338 972 2403 decora
982 2339 1102 2422 juven-

74 2426 117 2507 te,
128 2443 259 2508 corpore
271 2424 506 2512 ingensanimi
517 2424 719 2503 immodicus,
731 2427 811 2489 scito
821 2444 978 2507 sermone,
992 2438 1100 2489 erecto

74 2512 212 2588 incessu,
227 2511 334 2575 studia
347 2511 488 2575 militurn
504 2512 658 2575 illexerat.
702 2510 801 2576 Hunc
810 2509 968 2591 juvenem
983 2511 1100 2590 Galba,

75 2597 279 2669 Quaestorem
293 2596 328 2660 in
344 2596 472 2678 neriae,
487 2595 624 2681 impigre
643 2596 675 2659 in
699 2608 804 2678 partes
825 2615 900 2659 suas
925 2607 1103 2682 transgres-

75 2703 159 2762 sum,
174 2682 293 2767 legioni
305 2683 494 2766 praeposuit:
518 2703 595 2746 mox
609 2694 817 2763 compertum,
829 2683 991 2763 publicem
1004 2701 1103 2765 pecu·

76 2768 166 2833 niam
187 2768 346 2847 evertisse,
368 2779 405 2831 ut
425 2769 642 2850 peculatorem
663 2766 801 2850 flagitari
820 2765 925 2849 jussit.
969 2767 1104 2832 Cdcina

76 2855 160 2938 aegre
185 2873 308 2936 passus,
331 2852 464 2917 miscere
486 2863 605 2920 cuncta
618 2863 650 2916 et
663 2852 788 2935 privata
801 2854 938 2917 vulnera
960 2854 1104 2936 Reipub-

76 2940 148 3022 licae
162 2939 256 3003 malis
275 2939 531 3022 operirestatuit.
575 2939 644 3003 Nec
658 2937 790 3004 deerant
804 2938 839 3003 in
852 2940 992 3004 exercitu
1007 2941 1105 3003 senri-

75 3045 120 3094 na
130 3025 296 3089 discordie
310 3047 317 3089 :
339 3024 424 3107 qubd
437 3034 469 3089 et
483 3027 566 3090 bello
580 3025 731 3092 adversas
746 3024 914 3090 Vindicem
926 3026 1104 3089 universus

12 3105 56 3132 ‘²‘
77 3112 219 3190 affuerat,
233 3123 303 3191 nec,
325 3110 388 3175 nisi
413 3111 519 3175 occiso
542 3112 680 3190 Nerone,
703 3111 874 3174 translatus
894 3112 929 3176 in
952 3111 1104 3192 Galbam,

78 3210 172 3279 atque
187 3198 221 3259 in
236 3218 273 3261 eo
288 3195 357 3279 ipso
372 3209 569 3262 sacramento
585 3196 715 3261 vexillis
737 3195 895 3260 inferioris
917 3195 1103 3259 Germaniae

77 3284 261 3367 praeventus
275 3292 352 3347 erat.
396 3283 441 3347 Et
455 3282 591 3347 Treveri
607 3302 644 3346 ac
658 3282 832 3366 Lingones,
854 3301 997 3364 quasque
1019 3281 1123 3350 elias,
1170 3347 1182 3372 ,x

79 3368 224 3434 ciuitates
238 3369 398 3432 atrocibus
412 3366 523 3432 edictis
538 3376 593 3433 aut
607 3367 725 3431 danmo
740 3366 856 3430 finium
870 3368 975 3431 Galba
988 3369 1142 3460 peteuda

79 3454 168 3530 leret,
183 3453 336 3535 hybernis
350 3453 515 3539 legionum
537 3453 665 3537 propius
679 3450 863 3517 miscentur.
907 3453 1001 3517 Unde
1018 3452 1108 3515 sedi-0

79 3540 161 3600 tiosa
185 3537 352 3618 colloquia,
378 3548 410 3601 et
429 3537 511 3600 inter
532 3557 674 3622 paganos
695 3539 873 3619 corruptior
894 3538 996 3621 miles,
1018 3538 1103 3604 etin

80 3619 269 3704 Verginium
283 3621 381 3701 lavor,
397 3622 589 3704 cuicumque
604 3623 659 3686 alii
674 3621 871 3705 profuturus.

84 3760 86 3764 .
123 3705 208 3770 LIV.
231 3704 362 3769 Miserat
375 3706 487 3771 civitas
502 3707 699 3795 Lingonum,
719 3719 824 3773 vetere
846 3709 1001 3793 instituto,
1015 3710 1105 3774 dona
1184 3775 1185 3784 ,
