2392 4050
89 177 123 243 t.
137 177 253 269 069]
379 179 532 245 Hia'rou.
547 175 627 243 Lm
643 178 796 245 Paratus.
1054 180 1095 245 15

89 349 174 417 latiis
188 362 302 431 castra,
317 371 365 433 ae,
375 351 404 415 si
419 351 529 416 conob
541 350 694 429 tenderet,
705 350 843 417 exitium
853 360 1008 431 murem,
1021 368 1100 435 prae

15 454 46 511 g
89 435 152 500 buit
178 420 339 521 plerisque
370 425 831 520 suspicionemffioonsoientiae.
875 437 1099 521 Antaposnere

90 523 178 587 ceteri
193 541 320 606 quoque
335 521 476 586 Tribuni
499 522 776 605 Centurionesque
801 520 971 606 presentia
993 521 1100 616 Q

89 616 118 669 et
131 606 279 673 honestis.
323 608 419 690 Isque
433 608 562 672 habitus
584 607 768 672 aninlorum
781 606 851 689 fuit,
866 619 903 672 ut
923 606 1101 691 peninum

90 691 379 759 sueinus'andarent
388 694 499 776 pauci,
514 696 622 776 plures
636 693 766 772 vellent,
780 705 892 757 omnes
906 702 1100 776 paterentur.

128 777 258 845 xxix.
282 780 418 864 [gnarus
433 778 562 843 interim
577 779 841 843 obuersante
861 776 1014 859 inmas,
1031 759 1175 849 far-“7

130 865 183 928 bat
196 865 293 935 alieni
304 862 374 945 jam
388 863 520 947 Imperii
533 865 639 930 Deos:
654 865 727 928 oiim
737 863 867 928 affertur
878 883 998 942 rumor,
1014 860 1101 945 ‘rapi

92 966 122 1012 rn
145 962 254 1030 eastra,
276 949 438 1014 incertum
461 969 559 1032 quem
580 950 795 1016 Senatoremz'
816 968 904 1029 mox,
920 949 1104 1014 ‘Othonem

15 1096 16 1099 ,
91 1053 163 1114 essa,
177 1036 233 1118 qui
245 1038 434 1119 raperetur:
449 1033 547 1099 simul
558 1056 599 1099 ex
611 1034 677 1098 toti
689 1037 777 1115 urbe,
791 1034 974 1118 utquisque
985 1034 1103 1099 obvius

91 1117 197 1202 iuerat,
212 1121 268 1206 alii
281 1120 486 1185 formidinem
500 1131 664 1206 augentes,
675 1120 809 1203 quidam
822 1120 948 1185 minora
960 1139 1045 1202 vero,
1060 1140 1103 1184 na

91 1212 158 1268 tum
167 1207 296 1288 quidem
305 1207 396 1271 obliti
407 1206 611 1270 adulationis
654 1204 758 1310 Igitur
769 1205 1025 1271 consultantibus
1036 1207 1103 1289 pla·

15 1312 17 1323 >
93 1289 164 1370 cuit,
180 1292 367 1375 ‘lfflnieli
391 1292 537 1355 animum
562 1292 799 1375 cobortrquuae
814 1291 849 1356 in
865 1291 984 1375 palatio
998 1289 1105 1355 statio·

15 1452 16 1455 Ἴ
92 1393 163 1439 nem
177 1378 304 1463 agebat:
327 1397 387 1442 nec
401 1376 580 1459 peripsum
597 1378 755 1458 Galbam;
778 1376 877 1459 cnjus
887 1377 1014 1462 integra
1028 1396 1103 1442 auo

92 1461 195 1525 toritas
206 1462 378 1545 majoribus
387 1462 536 1526 remediis
544 1464 750 1527 servabatur?
793 1464 867 1527 Piso
878 1482 936 1545 pro
947 1461 1103 1548 gradibus

93 1543 199 1611 domis
212 1558 341 1614 vocatos
365 1548 400 1612 in
423 1544 669 1613 hune‘modum
689 1544 850 1612 allocutus
874 1558 940 1611 est:
964 1548 1103 1613 ‘Sextus

94 1628 158 1694 dies
212 1633 282 1716 tur,
298 1633 542 1715 commilitones,
559 1654 602 1698 ex
616 1654 690 1717 qno,
705 1636 838 1720 ignarus
857 1631 967 1714 futuri,
982 1644 1013 1698 et
1034 1633 1104 1698 sive

95 1727 185 1799 optan
207 1738 264 1783 um
278 1721 342 1784 hoo
356 1738 484 1799 nomen,
496 1721 565 1784 sive
577 1720 757 1783 timendum
769 1738 804 1781 er
824 1734 846 1799 t,
861 1720 970 1785 Cesar
984 1718 1105 1799 ascitus

94 1819 171 1867 sum.
207 1807 290 1876 ‚Quo
305 1804 420 1869 domis
434 1814 550 1869 nostrae
572 1814 629 1868 aut
650 1740 850 1888 Reipubffeffie
865 1804 969 1868 iatum
983 1803 1017 1867 in
1033 1823 1104 1868 vas·

96 1886 142 1948 tri
155 1908 247 1955 mann
263 1889 405 1974 positum
418 1898 483 1970 est;
506 1891 675 1973 numquis
696 1909 768 1953 meo
783 1889 914 1954 nomine
934 1887 1106 1954 tristiorem

97 1984 347 2060 aasumpaveam
361 1974 491 2064 (utqui,
507 1975 657 2041 adversas
678 1995 729 2039 ras
751 1985 887 2059 expertu
928 1975 960 2039 ο·
1015 1992 1106 2039 max·

96 2047 159 2134 imi
167 2061 277 2143 dicam,
299 2082 341 2127 na
362 2063 520 2148 secundas
541 2060 673 2146 quidem
695 2060 805 2125 minus
828 2060 924 2128 dison
994 2077 1023 2122 rs
1036 2051 1106 2125 lta·

98 2140 193 2232 bere),
214 2148 322 2232 patris,
337 2157 369 2211 et
383 2147 529 2229 Senatus,
551 2158 583 2213 et
604 2149 707 2231 ipsius
729 2146 860 2231 Imperii
881 2144 1104 2226 nieemuoleo,

97 2228 220 2297 sinonis
235 2244 292 2299 aut
305 2227 407 2318 perire
422 2233 519 2298 hodie
531 2253 661 2298 neeesse
672 2242 729 2312 est,
740 2242 805 2314 aut,
816 2232 904 2316 quod
914 2213 1005 2315 affui
1017 2231 1106 2315 apud

53 2363 57 2372 .
97 2312 186 2381 bonos
206 2319 360 2385 miserum
378 2331 435 2401 est,
457 2318 610 2385 occidere.
654 2318 815 2384 Solatium
839 2317 978 2401 proximi
1002 2318 1107 2383 motta

96 2397 280 2470 habebamus
294 2411 499 2471 inementam
510 2406 634 2483 urbem,
646 2414 678 2468 et
690 2403 822 2468 tessine
833 2401 993 2467 discordiis
1004 2412 1106 2468 nans·

97 2485 178 2553 latas.
219 2490 394 2555 Provisum
408 2488 579 2573 adoptione
594 2489 772 2573 videbatur,
782 2499 872 2554 utne
882 2489 1107 2587 pofflbam

98 2573 216 2653 quidem
228 2578 313 2642 bello
328 2578 420 2641 loeus
434 2586 526 2641 osset.
612 2619 616 2626 -
763 2631 765 2634 .

136 2660 245 2727 XXX.
269 2661 380 2727 ‘Nihil
396 2664 551 2748 arrogabo
566 2658 648 2727 mihi
662 2659 838 2725 nobilitatis
852 2668 909 2724 aut
923 2657 1105 2726 modestia:

97 2757 192 2828 neque
218 2748 307 2812 enim
334 2749 437 2813 relatu
460 2748 620 2827 virtutum
643 2745 679 2809 in
701 2744 939 2829 comparatione
966 2743 1105 2810 Othonis

96 2845 167 2909 opus
188 2845 244 2897 est.
288 2834 382 2916 Vitia,
395 2833 514 2917 quibus
539 2832 618 2896 solis
641 2832 807 2917 gloriatur,-
830 2831 973 2895 evertere
999 2831 1104 2913 Impe-

101 2912 184 2997 rium,
199 2919 296 2983 etiam
307 2920 383 2984 elim
397 2920 542 2986 amioum
557 2917 761 3000 Imperatoris
782 2926 897 3001 ageret.
940 2915 1106 2988 Habitune

100 3008 128 3061 et
139 3000 273 3085 incessu,
287 3025 330 3069 an
345 3006 401 3070 illo
415 3003 566 3070 muliebri
580 3011 695 3068 ornatu
710 3011 885 3066 mereretur
899 2999 1107 3084 Imperium‘l

101 3082 273 3169 Pelluntur,
300 3091 417 3173 quibus
446 3088 580 3154 luxuria
607 3088 714 3172 specie
739 3085 937 3152 liberalitatis
959 3085 1069 3174 imppp

101 3167 224 3238 Perdere
238 3175 297 3240 iste
311 3176 399 3256 sciet,
414 3174 534 3241 donaro
548 3175 678 3240 nesciet.
720 3172 841 3255 Stupro
862 3182 999 3238 nuncet
1020 3192 1105 3260 epm-

101 3252 256 3340 isQes
268 3273 300 3325 et
313 3260 521 3326 foeminarum
535 3269 640 3330 cortus
652 3258 898 3324 volvit'a'uimo:
922 3257 993 3321 lroec
1015 3253 1107 3323 Prin·

104 3339 213 3433 eipetbs
226 3348 357 3429 premia
371 3347 482 3431 putat,
504 3365 644 3429 quorum
664 3344 763 3410 libido
785 3364 823 3409 ae
838 3343 988 3426 voluptas
1008 3363 1121 3427 penae·

105 3441 199 3510 lpsum
211 3432 259 3514 sit,
274 3434 371 3497 rubor
385 3452 423 3497 ao
444 3431 584 3514 daippus
609 3451 707 3518 penes
729 3448 850 3495 omnes.
894 3430 997 3494 Nemo
1018 3430 1107 3495 enim

105 3527 236 3596 Unquam
250 3517 435 3602 Imperium,
449 3512 570 3603 flagitio
583 3516 764 3601 quaesitum,
778 3516 871 3580 bonis
884 3514 1005 3579 artibus
1016 3534 1106 3579 exer·

105 3599 173 3665 enit.
213 3604 349 3682 Galbam
359 3607 534 3680 eonsensus
546 3602 672 3689 generis
685 3600 830 3679 humani,
841 3618 893 3662 me
905 3600 1018 3676 Galba,
1029 3617 1105 3661 eon·

104 3686 298 3774 sentientibus
327 3688 428 3771 uobis,
458 3686 620 3753 Cesaram
650 3684 741 3782 (linit.
785 3684 821 3749 Si
849 3679 1052 3770 Respublica
1073 3687 1106 3746 ot
