2392 4050
54 240 91 305 A.
107 241 216 333 Ο.70.]
335 242 486 310 Hrsrnu.
501 242 780 317 erssrrsarus.
997 245 1059 312 169

54 413 242 480 interfectus
300 415 402 481 Pauci
430 415 668 483 Centurionum
696 417 993 500 Tribuuorumque,
1024 420 1060 484 in

54 501 158 565 Gallia
167 501 277 588 geniti,
292 513 505 584 reservantur,
514 503 633 589 pignus
646 503 815 569 societatis.
860 503 1060 587 Cohortium,

52 587 179 666 alarum,
193 588 358 684 legionum
373 588 519 670 hyberna
528 590 684 654 subversa
694 598 915 672 cremataque:
938 588 978 652 iis
993 600 1061 655 tan·

52 676 114 735 tim
127 673 256 753 reIIctrs,
270 694 341 756 qua
357 674 555 759 Magontiaci
572 694 611 738 ac
625 674 826 740 Vindonissa
842 674 904 737 sita
917 684 1003 738 sunt.

89 757 197 822 LXII.
219 759 320 844 Legio
331 758 551 824 sextadecima
564 778 641 823 cum
654 760 787 823 auxiliis
799 759 898 823 simul
911 758 1029 824 deditis
1042 780 1063 826 a

50 840 189 907 Nor-osio
216 843 251 906 in
278 843 440 909 ¹coloniam
469 845 689 909 Treverorum
714 843 892 931 transgredi
919 844 1058 927 jubetur,

49 927 205 1010 praefiniti
228 928 291 1008 die,
318 930 404 992 intra
425 948 524 1014 quam
543 929 658 993 castris
679 930 858 1004 excederet
913 930 1061 997 Medium

47 1033 139 1078 omne
153 1025 279 1097 tempus
293 1033 348 1098 per
362 1016 468 1079 varias
481 1034 576 1079 curas
589 1015 702 1101 egere:
725 1015 953 1100 ignavissimus
973 1017 1061 1099 quis·

47 1117 106 1180 que
118 1118 274 1165 caesorum
286 1099 370 1182 apud
382 1101 662 1185 Veteraexemplo,
673 1111 842 1183 paventes;
865 1103 1060 1185 meliorpars

48 1185 206 1249 rubomst
220 1183 370 1249 infamiis:
395 1187 507 1270 ‘quale
521 1186 604 1251 illud
625 1184 709 1250 iterl
741 1187 814 1269 quis
828 1187 896 1252 dux
909 1187 996 1254 rial
1028 1197 1061 1253 et

46 1271 154 1334 omnia
168 1269 202 1333 iu
218 1270 346 1334 arbitrio
361 1291 482 1352 eorum,
503 1291 584 1354 quos
599 1271 674 1335 rita
688 1272 839 1355 necisque
852 1273 1000 1337 dominos
1015 1272 1060 1338 Ie·

46 1354 183 1419 cissent)
225 1356 300 1436 Alii,
317 1356 407 1421 nulli
419 1356 584 1423 dedecoris
595 1356 683 1436 curia,
698 1359 878 1441 pecuniam,
893 1369 949 1422 aut
963 1358 1059 1424 caris·

43 1439 121 1505 sima
145 1440 334 1524 sibimetipsi
357 1443 566 1510 circumdare.
616 1442 764 1514 Quidam
784 1443 937 1528 expedire
958 1464 1058 1525 mma,

46 1526 179 1610 telisque
194 1536 249 1591 tan
269 1546 348 1591 uam
367 1527 401 1591 in
422 1527 527 1593 aciem
542 1528 683 1614 accingi.
726 1528 808 1594 Haec
822 1529 1058 1611 meditantibus,

45 1611 175 1676 advenit
187 1549 410 1694 proliciscoudi
422 1613 509 1695 hora,
523 1614 744 1697 expectatIone
754 1615 882 1681 tristIor.
925 1616 1058 1698 Quippe

44 1695 124 1762 iutra
139 1698 265 1762 vallum
278 1695 461 1762 deformitas
483 1699 573 1763 haud
591 1699 724 1783 perinde
746 1699 914 1763 notabilis:
936 1702 1057 1765 detexit
1110 1764 1114 1772 ,

45 1781 257 1868 ignominiam
284 1801 418 1867 campus
446 1794 479 1848 et
505 1783 584 1848 dies.
641 1783 792 1848 Ilevulsae
826 1785 1061 1868 Imperatorum

44 1867 211 1956 imagines,
237 1868 512 1956 Inlrouorasigna,
537 1868 738 1954 fulgentibus
760 1868 838 1933 lrinc
859 1868 934 1934 inde
948 1870 1058 1935 Gallo-

44 1972 113 2019 mm
125 1953 255 2018 vexillis
266 1950 424 2103 :pilense
448 1974 531 2035 men,
544 1964 577 2020 et
587 1955 677 2018 velut
688 1956 793 2041 longoe
804 1956 947 2037 exequie
958 1941 1057 2056 zldux

45 2040 203 2106 Claudius
217 2040 283 2106 San
299 2045 365 2121 tus,
388 2062 406 2105 e
430 2059 503 2105 osso
524 2042 638 2108 oculo:
658 2039 750 2104 dirus
769 2059 835 2117 ore,
857 2040 989 2125 iugenio
1003 2040 1058 2106 de·

43 2124 146 2190 bilior.
192 2125 399 2208 'Duplicatur
419 2125 588 2212 flagitium,
615 2137 791 2209 postquam,
818 2126 950 2191 desertis
972 2128 1058 2194 Bon·

43 2211 197 2291 nensibus
211 2211 332 2291 castris,
354 2213 452 2275 altera
465 2231 500 2275 se
519 2214 604 2299 legio
623 2210 804 2276 miscuerat.
844 2212 901 2292 Et,
921 2213 1056 2300 vulgati

42 2309 209 2381 captarum
220 2296 387 2381 legionum
398 2295 492 2376 lant,
502 2296 622 2375 cuncti,
634 2298 692 2379 qui
704 2298 800 2380 paulo
811 2300 884 2362 ante
894 2296 1057 2365 Romane·

43 2400 113 2447 rum
128 2400 246 2447 nomen
262 2381 442 2463 horrebant,
463 2394 686 2466 procurrentes
700 2403 742 2446 ex
756 2383 841 2469 agris
856 2383 1009 2467 tectisque
1022 2393 1055 2450 et

43 2468 186 2552 undique
210 2465 304 2532 effusi
332 2466 462 2534 insolito
489 2467 673 2552 spectaculo
698 2467 834 2532 nimium
857 2467 1053 2534 fruebantur.

43 2553 115 2619 Non
130 2553 205 2617 tulit
220 2554 272 2617 ala
286 2552 455 2616 Picentina
468 2553 625 2639 gaudIum
639 2552 823 2619 insultantis
837 2553 947 2640 vulgi:
968 2574 1055 2639 spre-

41 2639 143 2725 tisque
157 2638 270 2704 Sancti
284 2637 448 2721 promissis
460 2649 518 2703 aut
532 2638 638 2719 aunis,
655 2637 897 2725 Magantiacrrm
916 2638 1035 2706 abeunt
1044 2664 1060 2706 z·

42 2745 77 2788 ac
91 2726 174 2789 forte
190 2723 284 2787 obvio
301 2721 500 2789 interfectore
514 2724 657 2806 Vocula,
671 2721 837 2811 Longino,
852 2723 1004 2806 conjectis
1017 2727 1053 2794 in

39 2830 114 2875 eum
127 2811 210 2890 telis,
232 2808 363 2881 initium
376 2810 577 2876 exsolvendae
596 2809 632 2873 in
647 2820 810 2893 posterum
824 2814 924 2896 culpe
939 2810 1051 2879 fenera.

41 2894 203 2982 Legionis,
218 2894 301 2960 nihil
323 2905 445 2961 mutato
464 2895 587 2976 itinere,
609 2905 684 2960 ante
699 2897 819 2961 moenia
833 2898 1053 2963 Treverorum

39 2981 222 3046 considunt.

80 3068 204 3134 LXIII.
227 3063 344 3131 Civilis
358 3074 390 3127 et
403 3065 574 3145 Classicus,
595 3064 690 3129 rebus
704 3066 853 3131 secundis
867 3066 993 3148 sublati,
1008 3085 1052 3133 an

39 3152 209 3217 Coloniam
237 3149 505 3238 Agrippinensem
532 3149 745 3233 diripIeudam
767 3151 959 3217 exercitibus
983 3153 1052 3219 suls

40 3238 266 3320 permitterent,
293 3235 489 3301 dubitavere.
542 3234 673 3300 sevitie
692 3235 820 3321 Ingenii
841 3250 873 3302 et
898 3236 1050 3321 cupidine

40 3322 155 3405 praede
171 3323 212 3388 ad
226 3320 392 3386 excidium
410 3321 547 3388 civitatis
569 3321 794 3387 trahebantur:
816 3324 957 3388 obstabat
970 3326 1051 3391 ratio

39 3406 125 3489 belli,
148 3420 180 3473 et
194 3426 318 3472 norum
332 3407 508 3491 Imperium
525 3406 751 3472 inchoantibus
771 3409 858 3474 utilis
872 3410 1050 3476 clementia

40 3490 135 3557 fama
169 3494 308 3559 Civilem
316 3492 412 3576 etlam
422 3492 569 3558 beneficii
580 3493 840 3576 memoriaflexit,
851 3495 1053 3579 qubdlilium

40 3576 120 3660 ejus,
141 3580 245 3663 prImo
260 3597 369 3642 rerum
383 3588 482 3658 motu,
508 3579 543 3644 in
557 3578 685 3643 colonie
700 3579 928 3665 Agrippinensi
943 3579 1051 3661 depre-

40 3661 589 3745 hensum,honorat'ecustodieraut.
627 3662 693 3727 Sed
704 3663 965 3728 Transrhenanis
974 3678 1051 3754 gen·

40 3747 125 3813 tibus
139 3750 247 3816 invisa
263 3748 387 3831 ciuitas,
411 3747 576 3895 opulenpigi
599 3758 771 3830 auctaque.
815 3746 928 3827 Neque
948 3744 1051 3805 alium
