2392 4050
106 239 173 309 232
458 238 496 301 Ο.
512 236 625 302 Gonu.
641 235 781 301 Tecrsr
818 222 822 228 ’

104 410 228 501 grande
256 407 402 475 mortalis
431 406 492 472 evi
520 397 671 490 spatium,
702 406 795 469 multi
825 405 966 469 fortuitis
995 405 1125 481 casibus,

104 495 344 647 gromtissiruus
368 494 506 577 quisquo
531 491 655 555 saevitiis
681 490 852 574 Principis,
877 489 1125 553 interciderunt?

134 582 218 662 suci,
240 589 281 661 et,
303 588 341 643 ut
355 578 400 641 itu
413 575 562 656 dixerim,
585 594 652 639 non
674 575 771 639 modis
793 576 942 653 eliorum,
963 575 1125 638 sedetiam

106 664 209 734 no'stri
223 663 410 746 superstites
423 675 557 741 sumus3
578 660 717 723 exemtis
731 680 750 723 e
764 659 871 724 medii
885 659 954 722 vita
968 669 1017 723 tot
1031 658 1125 736 annis,

106 750 226 834 quibus
244 746 383 829 juvenes
401 745 441 807 ad
459 753 667 822 senectutem,
690 761 784 807 senes
801 744 901 827 prope
920 744 961 807 ad
981 745 1066 828 ipsos
1078 763 1125 806 ex·

105 845 185 899 sctis
196 832 299 896 retatis
309 829 470 907 terminos,
483 847 539 910 per
550 828 718 892 silentium
729 829 890 892 venimus.
935 829 1013 892 Nou
1026 839 1125 891 temen

105 917 236 1004 pigebit,
259 916 312 978 vel
335 912 500 978 inconditi
526 932 564 975 ac
590 912 664 976 rudi
691 933 780 992 voce,
803 914 995 977 memoriam
1019 911 1126 996 prioris

105 999 279 1080 servitutis,
301 1018 340 1061 ac
355 997 575 1061 testimonium
598 997 805 1079 praesentium
825 998 991 1061 bonorum
1008 1016 1127 1079 compo

106 1086 219 1150 ruisse.
264 1084 329 1148 Hic
349 1081 481 1144 interim
501 1081 581 1145 liber
607 1082 724 1145 honori
749 1082 921 1167 Agricolae,
943 1082 1047 1146 soceri
1061 1079 1127 1157 snei,

105 1170 292 1251 destinatus,
314 1164 509 1251 professione
529 1164 656 1249 pietatis
677 1176 733 1230 eut
750 1166 902 1230 laudatos
916 1168 989 1247 erit,
1012 1178 1068 1230 eut
1080 1184 1128 1229 ex·

102 1263 250 1321 cusutus.

76 1378 81 1382 -
150 1341 207 1404 IV.
231 1339 362 1403 Cursus
379 1336 507 1400 Jurrus
520 1336 718 1415 Ausroors,
739 1336 888 1400 veterior
901 1336 1023 1402 illustri
1037 1336 1129 1399 Foro

102 1422 297 1505 juliensium
311 1419 439 1502 coloni-i
453 1429 552 1500 ortus,
575 1430 750 1503 utrumque
766 1440 867 1487 avum
890 1422 1129 1487 Procuratorem

107 1509 274 1572 cesarum
296 1502 428 1568 babuit:
460 1522 535 1586 quae
561 1504 732 1587 Equestris
757 1505 912 1571 nobilitas
935 1518 994 1570 est.
1038 1506 1127 1569 Peter

107 1592 216 1657 Julius
232 1591 412 1667 Graecinus,
429 1589 588 1654 Senatorii
604 1587 737 1668 ordinis,
752 1589 860 1654 studio
875 1591 1072 1674 eloquentiae
1086 1607 1129 1648 ss·

105 1676 299 1761 pientiaeque
323 1682 430 1750 notus,
456 1671 560 1756 iisque
585 1674 760 1737 virtutibus
783 1676 867 1740 irem
896 1676 968 1739 Caii
996 1671 1126 1764 Caesaris

105 1761 259 1827 meritus:
282 1776 423 1840 namque
448 1756 493 1820 Μ.
509 1757 660 1822 Silanum
679 1778 832 1823 accusare
851 1760 973 1841 jussus,
995 1767 1037 1839 et,
1057 1774 1128 1839 qma

105 1840 270 1924 abnueret,
285 1842 470 1907 interiectus
482 1851 538 1906 est.
583 1842 688 1909 Meter
703 1842 792 1907 Julia
806 1846 951 1909 Procilla
964 1842 1036 1923 fuit,
1051 1858 1125 1905 rere

107 1929 282 1995 castitatis:
305 1928 341 1990 iu
366 1924 466 2006 liujus
491 1926 567 1990 sinu
589 1926 861 2014 indulgentiaque
887 1930 1055 2005 educatus,
1075 1940 1125 2007 per

106 2033 240 2079 omnem
251 2014 465 2077 honestorum
478 2011 597 2075 artium
611 2012 739 2076 cultum
761 2014 935 2097 pueritiam
950 2013 1126 2077 adolescere

105 2099 249 2181 tiemque
274 2095 438 2181 transegit.
482 2094 620 2160 Arcobat
643 2116 720 2159 eum
749 2101 790 2163 ab
814 2099 975 2164 illecebris
999 2113 1125 2180 peecau

101 2182 197 2261 tium,
220 2189 337 2265 praeter
352 2180 453 2263 ipsius
475 2179 592 2243 bonarn
616 2179 841 2266 integramque
863 2194 1024 2260 naturam,
1045 2175 1125 2262 quod

103 2262 212 2329 statim
225 2265 384 2348 parvulus
404 2262 514 2327 sedem
539 2284 578 2330 ao
602 2266 791 2351 magistram
812 2269 997 2332 studiorum
1020 2263 1124 2328 Massi

104 2349 184 2416 liarn
199 2350 354 2431 habuerit,
379 2349 490 2412 locum
505 2349 621 2413 Greci
640 2352 791 2415 comitate
806 2362 838 2415 et
853 2350 1046 2436 provinciali
1060 2364 1124 2431 par·

102 2435 243 2499 simoniis
256 2434 390 2498 mistum
409 2450 447 2496 ec
470 2434 552 2498 bend
574 2435 800 2529 compositum.
844 2436 1005 2500 Memoris
1028 2445 1123 2508 teneo,

100 2520 238 2583 solitum
259 2518 367 2600 ipsum
391 2535 532 2598 uerrere,
564 2525 619 2581 ‘se
642 2537 676 2580 in
700 2520 807 2604 primi
825 2519 965 2600 juventi
985 2516 1124 2583 studium

103 2602 318 2686 philosophiae
345 2601 459 2682 acribs,
479 2602 568 2666 ultrrl
590 2603 691 2684 qualus
716 2623 909 2668 concessum
929 2604 1078 2668 Romano
1092 2617 1126 2661 ιι

103 2686 261 2764 Senatori,
284 2686 439 2765 hausisse,
461 2685 496 2749 ui
511 2685 684 2768 prudentis
702 2688 813 2752 matris
835 2689 1011 2753 incensum
1024 2707 1062 2750 ec
1075 2684 1126 2749 flo-

102 2779 249 2856 grsntem
264 2769 411 2832 animum
426 2771 640 2835 coercuisset!
682 2773 825 2851 Scilicet,
846 2772 987 2837 sublime
1002 2781 1035 2835 et
1047 2786 1126 2834 eree·

102 2866 175 2920 turn
189 2852 359 2940 ingenium
377 2853 658 2935 pulchritudinem
678 2876 717 2920 uc
737 2856 878 2940 speciem
891 2858 1028 2921 excelse
1043 2874 1126 2938 mag·

102 2959 217 3039 neque
231 2937 343 3036 glories
357 2938 590 3020 vehementius,
610 2941 709 3023 quem
722 2943 826 3022 ceute,
842 2942 1030 3023 appetebat:
1051 2956 1124 3002 mox

101 3026 264 3113 mitigavit
274 3022 353 3088 ratio
364 3031 396 3085 et
408 3032 499 3088 setus:
515 3024 722 3109 retinuitque,
733 3027 822 3110 quod
831 3036 878 3090 est
889 3024 1123 3100 difficillimum,

102 3129 144 3174 ex
159 3109 316 3192 sapientiis
330 3106 473 3172 modum.

40 3210 46 3251 l
146 3194 185 3258 V.
208 3194 319 3258 Prima
333 3203 512 3257 castrorum
533 3186 720 3258 rudimenta
733 3193 769 3259 in
784 3193 955 3260 Britannia
975 3192 1125 3258 Suetonio

28 3242 76 3313 ff
102 3277 252 3356 Paulino,
267 3277 325 3340 dil’
368 3276 415 3340 uti
427 3296 465 3340 ec
480 3276 646 3341 moderato
658 3279 754 3357 Duoi,
770 3279 975 3364 approbavit:
997 3280 1122 3356 electus,

99 3380 198 3444 quem
227 3369 326 3424 contu
368 3359 441 3423 rnio
466 3362 650 3426 aestimaret.
706 3365 777 3429 Nec
802 3365 958 3450 Agricola
985 3363 1122 3440 licenter,

100 3462 190 3508 more
207 3443 379 3523 juvenum,
393 3444 450 3525 qui
466 3445 616 3510 militiam
630 3447 665 3510 in
681 3448 851 3514 lasciuiam
866 3458 1121 3530 verrentesque

100 3526 250 3621 segniter,
263 3526 305 3588 ed
319 3526 502 3620 uoluptates
516 3540 547 3592 et
562 3542 761 3596 commeatus
776 3534 911 3598 titulum
925 3532 1121 3597 Tribunenie

98 3621 130 3670 et
145 3618 308 3672 inscitiam
321 3610 447 3672 retulit:
470 3611 526 3674 sed
546 3631 680 3680 noscero
695 3618 907 3698 provinciam,
929 3616 1023 3680 nosci
1036 3636 1119 3680 exer·

97 3691 188 3774 citui,
206 3690 328 3761 discere
343 3712 362 3756 a
375 3687 494 3839 perPis,
516 3698 609 3780 sequi
623 3702 771 3785 optimos,
793 3702 877 3768 nibil
891 3711 1039 3786 appetere
1056 3700 1118 3784 jes
