2392 4050
60 145 86 213 J.
100 146 133 212 (I.
148 147 230 237 71.]·
324 168 372 213 ln
383 146 794 216 Lrn.V.ll1sronunuu.
994 147 1058 214 199

58 332 191 475 tutti:
204 340 438 462 attentum
460 321 984 482 ullulantium:
997 343 1059 464 bl

58 484 198 542 clementii
216 484 247 542 in
262 495 356 542 casua
379 484 509 543 Romana
530 486 648 563 recepti,
661 484 775 544 occmta
787 482 991 542 meditabantur
1004 484 1060 543 cri·

57 564 137 633 mina;
152 574 180 621 et
192 565 218 626 si
227 584 312 640 quem
321 564 392 622 forte
400 564 591 623 Romanorum
601 566 693 623 solnm
699 574 874 642 repererant,
884 563 1059 640 jugulabant,

58 655 98 702 ant
110 644 181 702 clam
194 646 328 703 obturatis
343 645 516 722 corruptiore
530 645 662 717 lontibus,
671 644 830 704 insanabile
842 644 949 702 malum
958 643 1060 703 affere·

55 722 122 781 bant.
141 797 143 804 Α
162 725 247 783 Multi
254 727 287 783 ln
299 725 364 783 talis
384 725 509 803 perfidia
532 743 642 803 prunas,
665 725 867 803 gentiliumque
886 724 1058 797 turriculum,

56 814 113 862 anta
125 806 202 864 urbis
215 805 316 866 oculos
331 805 462 865 crucibus
476 805 563 876 affin,
576 806 720 864 truncisve
740 806 870 864 manibus
884 804 920 862 sd
933 823 1002 863 suos
1015 824 1060 863 re-

55 884 136 943 missi.
176 885 235 944 His
248 886 396 963 suppliciis
408 888 577 945 exacerbata
589 885 682 945 adhuc
691 885 773 956 odia3
786 885 978 960 ultionemque
986 886 1060 944 navt

55 964 249 1043 uiuiparabat
257 965 391 1025 loannes.
432 966 549 1025 Effusas
557 966 633 1026 enim
645 968 697 1024 sub
707 966 858 1043 aggeribus
867 967 950 1036 terri,
960 964 1059 1024 iucem

58 1044 144 1120 sisque
157 1047 294 1117 materiis,
314 1047 415 1123 quibus
428 1063 499 1125 opus
519 1047 631 1138 pensile
651 1046 849 1117 sustinebatur,
870 1046 962 1104 subito
978 1045 1059 1105 biatu

56 1125 168 1204 absorpti
195 1136 261 1185 sunt
289 1143 428 1204 aggeres:
463 1127 614 1185 dissiluere
639 1125 796 1197 machius3
829 1137 867 1191 et.
893 1137 1058 1205 erumpente

55 1203 165 1277 flammi,
179 1206 276 1267 statim
288 1206 396 1265 haustae
410 1217 483 1266 suut.
524 1206 607 1265 Nihil
616 1206 723 1265 tristim
733 1215 791 1264 toto
803 1205 879 1265 bello
889 1207 1056 1284 contigerat.

56 1283 85 1342 Id
95 1289 186 1346 tamen
199 1287 286 1346 biduo
299 1298 364 1364 poet
376 1287 465 1346 senne
473 1297 647 1346 renovatum·
688 1286 814 1345 Simonis
828 1287 904 1344 enim
913 1287 1058 1360 instinctu,

55 1373 105 1424 tres
117 1366 247 1444 juvenes,
260 1367 402 1445 praeoipud
415 1366 489 1444 apud
503 1386 553 1426 eos
567 1368 694 1439 audacis,
708 1366 894 1444 Tepbthteus,
908 1367 1059 1445 Magassa·

55 1461 105 1516 rus,
118 1457 146 1504 et
159 1445 300 1525 Cbagiras
315 1448 393 1526 (nam
405 1448 523 1506 barbare
535 1448 620 1507 etism
630 1448 745 1506 nomina
754 1450 791 1506 ob
800 1446 935 1506 facinoris
944 1448 1058 1526 insigne

55 1527 238 1603 memoranda)
251 1528 330 1598 urbe,
343 1528 431 1605 raptis
444 1526 563 1599 facibus,
577 1525 697 1605 egressi,
718 1527 865 1586 machinas
887 1527 952 1585 aliis
972 1547 1064 1607 agge-1

55 1605 122 1665 ribus
135 1607 292 1685 impositas,
306 1619 356 1684 per
369 1608 479 1667 medios
492 1607 601 1680 hostes,
613 1625 665 1685 per
684 1609 751 1679 tela,
763 1627 815 1685 per
828 1606 947 1684 gladios,
960 1608 1058 1668 incen-

56 1684 152 1746 dendas
172 1699 370 1765 susceperunt,
384 1699 413 1747 et
435 1688 587 1748 incendere
601 1710 607 1747 :
629 1706 722 1763 neque
735 1688 828 1765 ignes,
840 1698 953 1764 propter
966 1688 1059 1747 Juda-

56 1779 171 1838 orum,e
198 1787 287 1838 muro,
310 1767 438 1845 factique
460 1769 624 1847 irruptione,
646 1767 837 1848 pugnantium,
859 1766 1059 1845 pervicaciam,

56 1848 182 1926 restingui
195 1857 354 1926 potuerunt.
786 1861 788 1868 '

28 1924 63 2002 Q
90 1926 200 1987 XXXI.
221 1929 350 1986 Adverso
364 1937 435 1986 casu
457 1925 534 1987 haud
550 1927 640 1987 fracta
657 1927 718 1986 Titi
739 1924 913 1985 sensnm:
935 1924 988 1985 sed
1001 1925 1060 1984 ela·

57 2004 113 2066 dem
125 2009 155 2068 in
166 2009 246 2068 urbis
261 2009 378 2068 emaum
391 2008 492 2081 vertit3
512 2028 631 2086 eumque
645 2008 804 2069 incredibili
812 2006 895 2066 tridui
907 2024 995 2085 opere
1007 2024 1061 2086 per

55 2086 157 2164 triginta
172 2108 276 2148 novem
289 2090 473 2148 stadia‘muro
483 2091 646 2149 acturribus
654 2091 695 2149 ita
704 2088 932 2160 circumvallavit,
941 2098 973 2146 ut
982 2087 1060 2147 nulla

57 2167 145 2247 effugii
158 2189 227 2248 spes
242 2172 376 2229 obsessos
390 2180 526 2229 maneret.
565 2171 601 2231 In
616 2170 671 2229 bac
685 2169 866 2239 necessitate,
878 2169 967 2228 muta
978 2168 1060 2228 rutra

56 2243 207 2309 Judsorurn
219 2251 393 2328 transfugia;
413 2249 490 2308 haud
502 2250 620 2309 meliore
639 2251 676 2309 iis
696 2270 786 2328 penes
807 2248 962 2320 Romanos,
974 2267 1059 2325 quam

56 2344 135 2401 penes
156 2349 235 2402 suos,
254 2341 338 2389 sorte.
378 2330 463 2389 Multi
476 2331 561 2402 enim,
579 2332 663 2408 longi
677 2331 751 2389 fame
765 2329 890 2398 nivalidi,
903 2328 1006 2387 oblatis
1018 2329 1059 2387 ai·

57 2405 126 2468 laum
138 2412 213 2470 cibis
227 2412 434 2469 enecabantru:
457 2410 514 2482 alii,
528 2411 622 2468 innati
646 2411 724 2487 genti
747 2409 807 2468 auri
827 2408 969 2486 cupidine,
983 2427 1061 2467 com·

56 2490 120 2561 perti
136 2510 206 2569 opes
221 2510 298 2561 suns,
311 2500 460 2566 antequam
482 2491 698 2569 transfugerent,
711 2492 836 2560 conse,
860 2491 895 2547 ab
918 2488 1060 2547 Arabr‘btis

59 2566 187 2648 Syriaque
202 2571 320 2630 dissecti
333 2580 416 2633 suut:
438 2589 476 2629 ue
495 2569 640 2633 Romanus
660 2570 773 2646 quidem
793 2570 878 2628 miles
890 2570 926 2627 ab
938 2570 974 2626 eb
987 2580 1061 2628 atro·

57 2647 133 2710 citata
145 2652 259 2729 penitus
267 2652 396 2728 integer:
418 2651 577 2710 Judscrum
589 2652 646 2710 duo
658 2651 748 2713 millis
762 2650 805 2709 sic
818 2650 927 2728 periere
940 2670 947 2721 ;
967 2648 1061 2727 indig-
1122 2692 1125 2697 -

57 2740 132 2788 nante
145 2732 260 2808 qnidam
275 2732 351 2802 Tito,
366 2741 394 2788 et
405 2742 494 2790 morte
508 2732 554 2802 iis,
567 2731 616 2808 qui
634 2732 691 2790 tale
712 2743 777 2810 post
798 2731 895 2790 scelus
914 2728 1059 2803 auderent,

58 2805 165 2870 intents.
207 2812 327 2870 Ceteris
341 2822 444 2883 autem,
463 2813 512 2886 qui
529 2813 560 2871 in
579 2814 649 2871 urbe
669 2823 840 2883 manserant,
860 2811 939 2870 nulla
959 2809 1060 2870 salutis

59 2905 126 2949 cura.
166 2891 294 2953 Ducibus
315 2902 421 2950 tantum
441 2891 534 2950 sutor:
556 2893 681 2951 loannes
702 2894 733 2952 in
754 2892 853 2969 templi
875 2891 1061 2969 spoliationes

57 2983 186 3048 preceps,
200 2973 230 3032 in
244 2972 390 3049 gentilium
406 2972 500 3029 cedes
515 2973 632 3031 Simon:
654 2983 712 3030 tam
725 2972 832 3031 effrene
844 2971 972 3041 libidine,
984 2980 1015 3028 ut
1033 2969 1060 3028 si

58 3047 89 3105 ab
98 3053 300 3129 oppugnatione
314 3051 491 3110 destitissent
504 3050 636 3122 Romani,
647 3051 850 3130 Hierosolyma
858 3049 1004 3111 furialibus
1012 3068 1062 3111 su·

58 3144 130 3188 orum
142 3133 215 3191 odiis
228 3132 389 3210 periissent.

94 3210 218 3272 XXXII.
239 3212 340 3272 Tudio
354 3209 543 3289 praesentium,
557 3210 711 3270 futurorum
724 3221 809 3283 metu,
822 3210 972 3288 prefectus
989 3209 1059 3272 turri

61 3286 189 3364 Antoniae,
203 3293 291 3352 ludas
305 3293 429 3363 nonnius,
443 3310 508 3350 cum
528 3291 674 3351 fidissImis
694 3291 800 3350 ludaeis
814 3292 915 3351 decem
927 3291 1061 3370 proditio-

60 3375 247 3452 nempepigit.
288 3373 352 3432 lam
365 3373 459 3443 Titus,
472 3372 570 3432 turrim
590 3383 787 3452 occupaturus,
806 3373 981 3445 adventabat,
994 3392 1060 3433 cum

62 3445 160 3525 Simu,
173 3455 289 3513 retectis
308 3453 446 3524 consiliis,
468 3453 625 3530 proditores
646 3454 848 3525 circumvenit3
867 3452 970 3530 hisque
993 3463 1060 3512 ante

62 3523 242 3593 &manorum
262 3552 312 3592 ora
324 3532 473 3672 pugulatis,
496 3534 639 3611 discerpta
665 3554 762 3594 eorum
784 3535 910 3593 membra
931 3531 1060 3610 projecit.

62 3605 104 3678 At,
121 3611 303 3692 flagitiiloco,
351 3612 460 3672 omanis
481 3614 595 3673 adsuere
614 3615 724 3673 fortuna
737 3626 766 3672 et
777 3616 874 3671 virtus.
914 3612 972 3677 Ubi
982 3610 1060 3666 enim
1121 3668 1124 3671 ,

63 3686 169 3754 &mua
182 3692 331 3768 machine,
340 3712 407 3773 pars
418 3694 516 3752 muria
526 3694 646 3765 luanus,
654 3705 686 3752 ut
692 3692 918 3759 memoravimus,
927 3686 1061 3751 auum
