2392 4050
21 225 22 230 ’
78 209 112 274 A.
126 210 158 275 O.
173 212 235 304 693]
341 207 800 278 Hrsrou.L1a.Sscurmus.
1038 209 1082 274 55

76 382 190 449 laudari
219 383 438 469 ‘providentia
458 384 572 463 Ducis,
597 383 685 467 qubd
707 382 879 465 coloniam,
901 381 1022 448 virium
1048 391 1081 446 et

76 490 164 553 opum
179 471 328 549 validam,
344 471 441 534 robur
456 491 493 534 ac
507 470 618 534 sedem
626 471 711 534 bello
723 470 871 556 legisset!
914 470 986 551 lpse
997 479 1081 552 post·

74 556 155 619 romb
167 558 340 640 Spurinna,
363 575 431 619 non
456 565 524 620 tam
546 557 678 638 culpam
698 557 906 639 exprobrans,
920 555 1081 638 qubmra·

21 673 22 704 r
76 641 153 703 tione
162 641 339 723 ostendens,
351 641 469 704 relictis
480 641 744 726 exploratoribus,
754 652 874 706 ceteros
883 640 1083 705 Placentiam

21 747 22 756 ¹
77 726 201 808 reduxit,
224 727 331 791 miuus
346 727 490 791 turbidos
505 738 537 789 et
551 726 686 809 imperia
700 726 900 809 accipientes.
943 725 1081 802 Soliduti

74 813 160 891 muri,
172 816 420 897 propugnacula
444 812 561 891 addita,
576 822 679 876 aucte
694 822 804 892 turres,
818 812 948 895 provisa
960 821 1083 897 persta·

73 916 128 978 que
147 918 211 962 non
234 918 325 962 arma
346 898 450 977 modb,
473 898 530 962 sed
550 898 744 981 obsequium
765 908 797 962 et
815 898 949 980 parendi
970 917 1079 981 amor3

21 1057 22 1078 Χ
74 983 150 1063 quod
164 986 271 1049 solum
284 984 351 1049 illis
364 984 507 1068 partibus
521 982 633 1066 deluit,
648 982 861 1049 cirmvirtutis
875 982 966 1048 haud
979 986 1082 1068 preni-

21 1091 22 1106 ¹
73 1077 151 1131 teret.

42 1205 44 1214 s
110 1155 184 1218 XX.
197 1153 251 1221 vAt
274 1156 412 1234 Gaecina,
426 1156 516 1219 velut
530 1153 643 1220 relicti
663 1164 735 1240 post
749 1155 849 1238 Alpes
861 1155 983 1219 servitii
995 1176 1033 1219 ac
1042 1156 1081 1222 li·

73 1240 175 1322 cenriai,
197 1241 342 1305 modesto
363 1239 492 1326 agmine
514 1260 569 1323 per
592 1241 721 1306 ltaliam
735 1240 874 1306 incessit
918 1241 1082 1310 Ornatum

73 1323 162 1407 ipsius
191 1326 371 1409 municipia
398 1335 429 1389 et
458 1327 592 1391 colonioe
621 1326 657 1390 in
677 1325 862 1410 superbiam
889 1326 1079 1396 trahebant:

72 1412 356 1491 quid-versicolore
376 1413 501 1497 sagulo,
525 1414 666 1495 braccas,
688 1422 816 1499 tegmen
837 1411 1018 1493 barbarum,
1033 1414 1082 1478 in·

73 1495 169 1577 dutus,
180 1507 305 1583 togatos
317 1499 542 1579 alloqueretur.
570 1498 715 1562 Uxorem
724 1517 852 1582 quoque
862 1496 944 1579 ejus,
954 1498 1081 1564 Saloni·

73 1599 149 1664 nam,
171 1604 360 1666 quanquam
380 1583 414 1646 in
439 1584 564 1647 nullius
583 1583 737 1665 injmiam
748 1583 872 1669 insigni
884 1602 968 1665 equo
983 1596 1081 1650 ostro

73 1686 128 1748 que
143 1670 319 1749 veheretur,
334 1679 488 1752 tanquam
502 1670 570 1733 laesi
585 1671 822 1755 gravabantur:
843 1668 939 1733 insitii
954 1673 1081 1736 mortal-

73 1752 137 1816 ibus
151 1754 275 1834 naturai,
291 1765 452 1818 recentem
466 1755 602 1818 aliorum
615 1754 801 1819 felicitatem
814 1755 910 1841 aegris
920 1757 1022 1820 oculis
1032 1757 1081 1820 in·

74 1840 244 1921 trospicere,
270 1840 468 1922 modumque
492 1838 630 1905 fortunae
653 1861 674 1903 a
697 1841 797 1905 nullis
818 1839 922 1926 magis
941 1841 1080 1927 exigere,

73 1924 160 2005 quim
172 1945 254 2007 quos
276 1925 311 1987 in
333 1944 424 2008 aequo
444 1924 562 1990 videre.
607 1925 743 2005 caecina,
768 1925 893 1991 Padum
907 1935 1082 2013 transgres

73 2029 130 2090 sus,
145 2011 263 2075 tentate
287 2011 548 2076 Othonianorum
569 2011 633 2075 tide
654 2031 711 2095 por
735 2012 935 2096 colloquium
956 2022 987 2076 et
1008 2032 1081 2096 pro·

73 2095 169 2175 missa,
181 2098 294 2161 iisdem
310 2097 433 2179 petitus,
445 2109 616 2181 postquam
625 2117 689 2180 par
701 2107 732 2161 et
743 2098 915 2164 concordia
928 2098 1082 2183 speciosis

73 2192 101 2242 et
112 2181 205 2245 irritis
219 2182 406 2246 nominibus
420 2181 540 2262 jactata
554 2192 639 2263 suut,
654 2183 791 2247 consilia
803 2204 960 2269 curasque
975 2184 1010 2249 in
1025 2204 1079 2268 op

73 2268 293 2351 pugnationem
309 2267 481 2331 Placentia
496 2288 613 2355 magno
630 2279 746 2333 terrore
761 2271 873 2335 vertit:
895 2290 1027 2357 gnarus,
1040 2281 1079 2337 ut

74 2349 157 2416 initia
170 2353 245 2418 belli
261 2353 492 2435 provenissent,
507 2353 627 2419 famam
640 2355 675 2418 in
690 2365 795 2418 cetero
808 2353 885 2420 fore.

111 2439 202 2503 XXI.
225 2438 291 2504 Sed
310 2439 434 2522 primus
455 2439 524 2503 dies
543 2439 665 2523 impetu
687 2440 797 2527 magis,
819 2443 917 2524 quim
938 2440 1079 2507 veterani

72 2525 217 2589 exercitus
232 2524 362 2605 artibuS,
375 2534 574 2589 transactus:
595 2527 695 2610 aperti
708 2524 894 2609 incautique
905 2546 1015 2592 muros
1026 2546 1079 2590 su-

74 2606 161 2689 biere,
175 2611 247 2674 cibo
268 2610 409 2692 vinoque
428 2630 617 2696 praegraves.
661 2613 700 2675 In
729 2632 767 2691 eo
796 2613 980 2691 certamine,
1008 2614 1079 2695 pul·

74 2693 260 2760 cherrimum
276 2695 501 2778 amphitheatri
512 2716 601 2779 opus,
612 2695 710 2762 situm
724 2707 814 2762 extra
828 2717 945 2779 muros,
962 2697 1080 2761 confla-

74 2780 186 2861 gravit:
208 2781 278 2844 sive
294 2782 332 2845 ab
358 2781 633 2866 oppugnatoribus
656 2783 834 2864 incensum,
854 2783 935 2848 dum
947 2783 1032 2848 faces
1047 2792 1080 2847 et

21 2898 22 2943 3
73 2865 197 2947 glandes
212 2887 249 2930 uc
264 2867 419 2931 missilem
439 2869 549 2952 ignem
573 2868 608 2931 in
628 2869 772 2932 obsessos
783 2868 987 2951 jaculantur;
1010 2868 1080 2931 sire

21 2954 22 3025 j
74 2951 109 3012 ab
121 2953 261 3032 obsessis,
284 2952 364 3016 dum
386 2962 503 3016 retorta
525 2952 686 3038 ingerunt.
730 2954 928 3039 Municipnle
949 2955 1079 3040 vulgus,

21 3038 22 3095 i
75 3051 203 3114 pronum
217 3037 256 3100 ad
272 3038 480 3121 suspiciones,
494 3036 608 3102 fraude
623 3040 713 3103 illata
726 3039 813 3137 ignis
836 3040 988 3105 alimenta
1009 3059 1076 3102 cre-

21 3188 22 3191 ,
74 3117 147 3184 didit
160 3143 180 3186 a
192 3124 386 3206 quibusdam
406 3144 424 3188 e
449 3123 565 3188 vicinis
583 3125 729 3207 coloniis,
743 3124 866 3189 invidia
880 3134 912 3188 et
925 3125 1080 3206 aemulati·

21 3276 22 3293 χ
75 3223 138 3286 one,
151 3208 234 3291 quod
257 3211 351 3274 nulla
375 3210 410 3272 iu
436 3209 529 3273 ltalia
551 3212 652 3290 moles
677 3222 744 3274 tam
764 3230 868 3294 capax
881 3208 979 3274 foret:
1000 3230 1079 3294 quo-

21 3300 22 3305 ’
76 3308 203 3375 cumque
218 3315 296 3359 casu
311 3294 436 3375 accidit,
455 3295 534 3359 dum
545 3296 701 3361 atrociora
715 3297 948 3376 metuebantur,
963 3297 998 3360 in
1014 3298 1078 3362 levi

21 3388 22 3443 l
76 3372 227 3445 habitum:
250 3381 372 3446 reddite
386 3381 564 3462 securitate,
586 3392 741 3465 tanquam
763 3381 846 3446 nihil
866 3382 998 3468 gravius
1013 3384 1078 3466 poti

21 3472 22 3481 ’
75 3465 248 3548 potuissent,
277 3468 461 3532 moerebant.
507 3469 654 3533 Ceterum
681 3469 784 3532 multo
808 3486 944 3537 suorum
964 3487 1079 3533 cruore
1176 3518 1177 3531 ³

21 3580 22 3591 ¹
76 3548 178 3625 pulsus
193 3553 341 3618 Caecina:
363 3561 395 3616 et
414 3572 481 3616 nox
507 3553 657 3636 parandis
670 3552 818 3636 operibus
833 3562 983 3616 assumta.
1026 3552 1081 3615 Vi·

76 3634 187 3699 telliani
212 3640 340 3720 pluteos
365 3651 530 3720 cratesque
554 3652 586 3704 et
610 3639 724 3705 vinens
744 3636 953 3701 suffodiendis
967 3635 1078 3711 muris,

76 3724 327 3809 protegendisque
347 3716 641 3810 oppugir‘atoribus3
666 3720 844 3788 Othoniani
865 3719 961 3785 sudes
974 3726 1005 3782 et
1019 3717 1078 3779 im·
