2392 4050
137 188 202 255 108
491 188 528 254 0.
545 188 657 254 Cotta.
672 186 811 253 Trorrr
957 184 1010 274 [A.
1024 187 1062 254 U.
1076 186 1139 251 822.

137 361 271 428 Ducum
287 359 354 427 miti
410 379 450 426 us
471 372 520 426 eat
543 359 647 426 miles
691 360 737 424 Et
757 371 888 425 rocetos
910 359 952 423 ad
966 358 1140 425 concionem

137 448 300 515 Antonius
321 446 506 531 aloquitur,
528 446 701 533 magnifice
723 446 870 526 victores,
894 445 997 510 victos
1018 447 1141 511 clemen·

136 545 205 600 ter:
226 533 267 599 de
282 532 442 600 Cremona
457 532 492 597 in
506 544 669 597 neutrum.
713 532 886 597 Exercitus
901 542 1016 614 praeter
1028 532 1141 596 insitam

137 618 302 706 praedandi
325 617 521 704 cupidinem,
542 630 650 682 vetere
671 617 755 699 edin,
777 617 819 681 ad
839 615 1007 682 excidium
1030 619 1141 682 Cremo

136 706 290 772 mensium
315 704 487 771 incubuit:
514 702 639 786 juvIase
661 714 767 787 partes
793 703 991 782 Vitellianas,
1019 700 1140 768 Othonis

135 809 266 876 qnoque
280 791 375 871 bello,
397 789 628 856 credebantur:
650 808 727 853 mox
743 787 1029 869 tertiadecimanos,
1049 788 1087 852 ed
1098 806 1141 851 er·

137 875 329 942 sumendum
343 875 617 959 amphitheatrum
636 875 773 956 relictos,
795 882 832 939 ut
850 885 927 937 sunt
940 875 1089 957 procacia
1099 892 1141 936 ur·

136 962 229 1027 bure
264 962 366 1045 plebia
401 961 542 1048 ingenia,
570 961 791 1059 petulantibus
823 958 941 1046 jurgiis
977 959 1139 1024 illuserant

136 1048 241 1113 Auxit
255 1046 412 1112 invidiam
424 1047 550 1111 editum
569 1047 639 1111 rllic
654 1067 673 1110 a
688 1045 817 1110 Caecimi
837 1044 1056 1130 gladiatorum
1068 1064 1141 1128 spec·

136 1135 301 1198 taculum:
322 1133 497 1216 eademque
508 1152 621 1197 rursus
631 1133 708 1196 beIIi
721 1130 832 1195 sedes:
854 1143 886 1193 et
899 1131 1024 1215 praebiti
1039 1131 1072 1194 in
1085 1130 1140 1194 acic

138 1219 320 1289 Vitellianis
334 1219 415 1284 cibi:
437 1238 528 1284 caesae
549 1217 699 1302 quaedam
719 1215 869 1295 loeminae,
890 1215 997 1280 studio
1016 1217 1142 1301 partium
1174 1248 1175 1287 ,

136 1304 178 1370 ad
200 1306 348 1390 prelium
365 1323 559 1390 progressae:
582 1315 708 1386 tempus
721 1318 850 1386 quoque
866 1303 1033 1383 mercariis,
1055 1301 1140 1366 ditem
1174 1290 1175 1320 ¹

135 1389 259 1473 alioqui
273 1388 445 1469 coloniam,
461 1388 621 1470 majorum
635 1408 734 1471 opum
748 1386 853 1470 specie
867 1388 1058 1470 complebat.
1094 1388 1140 1450 Ca

136 1475 196 1540 teri
217 1476 326 1543 Duces
340 1474 375 1537 iu
391 1475 545 1540 obscuro:
566 1474 746 1538 Antonium
767 1470 896 1537 fortuna
917 1472 1067 1556 famaque
1086 1492 1140 1535 om

136 1561 231 1626 nrum
259 1560 364 1625 oculis
387 1569 598 1644 exposuerat:
627 1560 655 1624 is
681 1560 820 1640 balneas,
848 1557 1010 1623 abluendo
1038 1556 1140 1637 cruori,

136 1646 273 1731 properb
285 1646 383 1729 petit:
405 1656 541 1729 excepta
562 1665 628 1710 uox
651 1655 708 1724 est,
730 1646 804 1709 cirm
828 1654 969 1728 teporem
983 1645 1138 1723 incusaret,

137 1732 264 1797 ‘statim
278 1733 433 1812 futurum,
455 1741 492 1796 ut
513 1731 761 1797 incalescerent!
804 1729 935 1794 Vernile
949 1728 1139 1794 dictumom·
1173 1726 1175 1799 Ι

136 1836 213 1883 nem
238 1816 395 1883 invidiam
417 1818 451 1881 in
473 1836 551 1881 eum
565 1818 669 1896 vertit,
693 1827 847 1900 tanquam
871 1814 1021 1903 ‘signnm
1044 1816 1139 1881 incen·
1173 1806 1175 1869 Ὗ

136 1903 249 1968 denda:
265 1905 439 1969 Gremonae’
453 1903 599 1982 dedisset,
614 1922 686 1985 quae
704 1901 773 1983 jam
787 1901 949 1988 flagrabat.

179 1990 344 2057 XXXIII.
366 1986 593 2075 Quadraginta
608 2000 804 2053 armatorum
819 1987 922 2053 millia
935 1987 1088 2072 irrupere,
1102 2006 1139 2051 ce

135 2075 251 2141 Ionum
266 2076 469 2158 lixarumque
487 2074 622 2156 amplior
644 2093 808 2156 numerus,
830 2084 861 2136 et
880 2074 915 2138 In
934 2073 1138 2139 libidinamur

134 2160 294 2225 sevitiam
308 2161 496 2243 corruptior.
542 2159 617 2224 Non
628 2160 779 2245 dignitas,
794 2179 859 2224 nou
871 2169 948 2224 retas
959 2160 1136 2246 protegebat

135 2245 201 2328 qub
220 2244 326 2310 minirs
349 2256 461 2329 stupra
483 2243 636 2328 caefflbus,
658 2245 763 2309 caedes
785 2245 911 2329 stupris,
933 2246 1136 2310 miscerentur.

137 2330 339 2395 Grandoevos
348 2350 450 2411 senes,
464 2332 578 2395 exacti
586 2340 677 2395 aetate
688 2330 846 2410 soeminas,
861 2329 942 2395 viles
953 2330 1137 2414 adpraedam
1170 2323 1173 2336 '

135 2416 171 2481 iu
187 2415 364 2483 Iudibrinm
377 2417 554 2482 trabebant.
598 2417 660 2481 Ubi
683 2416 795 2481 adulta
807 2416 908 2503 virgo,
930 2426 986 2479 aut
999 2418 1071 2500 quis
1089 2414 1136 2479 sor·
1169 2451 1172 2464 ι

136 2501 191 2566 mit
205 2503 409 2600 conspicuus,
423 2503 596 2580 incidisset,
619 2503 653 2567 vi
674 2503 886 2586 manibusque
900 2499 1091 2583 rapientium
1102 2499 1136 2564 di
1170 2529 1172 2550 ι

135 2587 260 2667 vulsus,
281 2607 368 2671 ipsos
388 2588 548 2672 postremb
569 2587 743 2673 direptores
762 2588 797 2652 in
811 2596 957 2651 mutuam
978 2587 1136 2671 perniciem
1169 2569 1173 2652 I

199 2674 270 2736 bet:
291 2672 373 2738 dunt
383 2674 564 2756 pecuniam,
574 2676 627 2738 veI
640 2674 753 2761 gravia
763 2693 843 2738 auro
854 2671 1135 2756 templorumdont,

136 2758 164 2821 si
185 2757 194 2821 i
213 2757 351 2841 quisque
378 2758 519 2839 trabunt,
552 2759 671 2842 majore
690 2760 831 2823 allorum
853 2758 886 2823 vi
912 2760 1135 2823 truncabantur.

136 2842 284 2915 Quidam
294 2843 391 2908 obvia
399 2848 567 2927 aspernati,
579 2844 764 2911 verberibus
772 2844 1000 2927 tormentisque
1008 2843 1136 2908 domino
1173 2923 1174 2932 ἵ

135 2947 209 2994 rum
223 2925 330 2994 abdita
343 2930 486 3011 scrutari,
508 2932 634 2996 defossa
650 2950 771 2996 eruere.
814 2930 916 2994 Faces
930 2930 965 2994 in
980 2930 1134 2994 manibus:
1173 2941 1174 2948 ¹

135 3035 225 3100 quas,
247 3017 304 3081 ubi
322 3016 461 3100 praedam
475 3026 667 3103 egesserant,
682 3016 717 3080 in
734 3036 853 3081 vacuas
866 3015 979 3080 domos
993 3026 1025 3080 et
1041 3012 1134 3079 inania

135 3103 256 3184 templa
268 3121 324 3185 per
339 3102 505 3167 lasciviam
516 3102 762 3185 jaculabantur:
784 3113 883 3185 utque
897 3101 1047 3181 exercitu,
1062 3099 1134 3165 vano
1173 3181 1174 3186 ἵ

135 3185 265 3273 linguis,
285 3189 435 3270 moribus,
458 3191 512 3254 cui
527 3189 624 3268 cives,
646 3188 733 3268 socii,
749 3186 872 3252 externi
887 3185 1081 3266 interessent,
1098 3182 1134 3246 di·

135 3290 237 3337 versae
251 3272 429 3355 cupidines,
443 3284 475 3338 et
489 3276 580 3339 eliud
595 3274 712 3357 cuique
727 3273 784 3355 sas,
799 3272 1047 3355 necquicquam
1060 3266 1134 3334 iilici

135 3368 214 3421 tum.
260 3358 321 3422 Per
342 3359 551 3441 quatriduum
575 3361 736 3423 Cremona
756 3357 892 3423 suffecit.
936 3359 1018 3422 Cum
1042 3353 1132 3421 omnio

134 3462 226 3506 sacra
246 3441 443 3526 profanaque
463 3444 499 3507 in
524 3446 601 3528 igne
623 3444 833 3524 considerent,
864 3444 971 3508 solum
1000 3438 1132 3525 Mephit's

134 3529 291 3609 templum
304 3527 390 3590 stetit
405 3537 478 3593 ante
492 3530 621 3610 muenia,
644 3531 725 3614 Ioco,
743 3551 800 3595 seu
817 3527 960 3596 Numine
973 3526 1129 3593 defensum

178 3612 337 3679 XXXIV.
360 3612 423 3678 Hic
438 3615 545 3678 exitus
568 3616 745 3698 Cremonae,
768 3635 854 3680 anno
867 3613 1131 3680 ducentesimam·

133 3698 287 3783 togesimo
310 3708 400 3762 sexto
421 3718 441 3762 a
462 3698 638 3783 primordio
661 3701 722 3766 sui.
766 3701 905 3768 Condita
925 3709 994 3765 erat
1018 3692 1130 3766 Tiberio
