2392 4050
54 214 137 280 M).
151 218 215 305 ou]
325 217 474 282 Hieron.
487 171 568 282 bra.
582 214 783 282 sicessos.
1014 217 1057 283 57

53 386 159 452 Martio
173 388 284 453 Macro
298 388 386 454 haud
399 389 512 474 procul
528 388 688 454 Cremonis
698 387 846 473 prospere
857 397 1056 473 pugnatum:

52 491 181 557 namque
192 486 336 557 promtus
350 475 448 540 animi
462 475 598 539 Martius
610 484 806 539 transvectos
816 473 958 542 naribus
970 475 1058 559 glad·

51 556 155 623 iatores
169 561 204 624 in
218 560 387 625 adversam
400 560 480 625 Padi
491 561 593 642 ripam
604 561 734 644 repente
744 558 866 624 effudit.
910 559 1059 623 Turbata

52 643 90 708 ibi
105 645 349 711 Vitellianorum
363 646 495 726 auxilia,
510 656 551 724 et,
565 647 679 710 ceteris
693 648 887 710 Cremonam
909 643 1058 730 fugienti-

51 729 113 810 bus,
127 730 209 811 caesi,
223 733 280 813 qui
294 733 481 798 restiterant
524 731 589 796 Sed
604 751 767 815 repressus
783 730 987 796 vincentium
999 730 1059 792 im·

50 817 318 897 persuasoris
343 817 494 883 subsidiis
516 816 644 899 firmati,
658 819 765 882 hostes
780 816 942 880 fortunam
954 814 1058 898 praelii

51 913 212 965 mutarent.
256 903 450 987 Suspectum
463 902 496 967 id
510 903 704 967 Othonianis
717 901 788 982 fuit,
802 901 911 966 omnia
926 900 1059 968 Ducum

50 984 125 1052 lacta
148 988 247 1071 prave
270 989 510 1054 aestimantibus.
554 988 718 1068 Certatim,
740 998 777 1051 ut
798 987 934 1070 quisque
947 986 1057 1050 auimo

48 1071 185 1157 gnanus,
195 1094 315 1157 procax
325 1095 388 1153 ore,
398 1075 546 1139 Annium
556 1074 692 1140 Gallum
701 1084 732 1137 et
741 1073 935 1138 Suetonium
949 1072 1058 1137 Pauli·

49 1175 124 1222 num
137 1169 169 1222 et
194 1159 338 1223 Marium
359 1161 494 1225 Celsum
518 1160 609 1245 (nam
626 1178 682 1223 eos
704 1158 792 1224 Otho
805 1177 934 1241 quoque
948 1157 1058 1242 praele-

49 1246 142 1329 cerat)
154 1244 254 1312 uariis
275 1245 463 1310 criminibus
487 1246 699 1311 incessebant.
743 1242 909 1308 Acerrime
933 1243 1058 1308 seditio·

48 1346 124 1394 num
137 1350 173 1393 ac
184 1329 351 1394 discordiae
363 1331 579 1409 incitamenta,
599 1328 816 1396 interfectores
838 1329 970 1392 Gales:
991 1348 1058 1394 sce·

49 1413 108 1478 lere
121 1425 152 1478 et
166 1426 254 1479 metu
271 1416 430 1498 vecordes,
440 1417 573 1481 miscere
588 1428 714 1496 cuncta,
730 1414 825 1479 modo
839 1415 947 1497 palim
959 1414 1058 1479 turbi-

47 1498 92 1561 dis
101 1501 244 1581 vocibus,
254 1501 349 1566 modb
357 1502 721 1567 occultisadOthonem
732 1499 849 1565 literis:
871 1499 1057 1582 quihumil-

47 1583 118 1648 limo
138 1587 255 1669 cuique
269 1586 431 1668 credulus,
446 1590 546 1653 bonos
562 1598 719 1667 metuam,
741 1584 939 1670 trepidabat;
960 1586 1056 1650 rebus

47 1672 198 1753 prosperis
223 1673 373 1753 incertae,
396 1685 428 1737 et
445 1673 528 1738 inter
551 1674 683 1738 adversa
704 1672 826 1737 melior.
867 1670 973 1757 lg'tur
997 1671 1057 1735 Ti·

46 1755 172 1837 tianum,
187 1758 325 1837 fratrem,
341 1759 481 1823 accitum
505 1760 590 1824 bello
605 1757 790 1843 praeposuit.
832 1757 959 1821 Interea
973 1756 1056 1821 Pau·

47 1840 142 1905 liniet
156 1844 242 1907 Celsi
253 1844 354 1908 ductu
366 1864 417 1909 res
430 1845 570 1930 egregiae
583 1856 692 1930 gestae.

88 1929 207 1994 XXIV.
230 1930 400 2015 Angebant
415 1930 579 1994 Caecinam
593 1929 810 2012 nequicquam
824 1927 934 1990 omnia
943 1937 1055 2011 erepta,

49 2023 77 2075 et
88 2034 255 2079 senescens
278 2016 434 2081 exercitiis
455 2016 505 2082 sui
521 2015 625 2080 fama:
648 2015 763 2098 pulsus
777 2012 1056 2094 Placentiai„caesis

48 2115 143 2183 nuper
158 2101 299 2180 auxiliis,
308 2102 406 2166 etiam
414 2122 470 2185 per
483 2121 680 2167 concursum
690 2102 937 2184 exploratorum,
946 2099 1056 2164 crebra

49 2187 142 2271 magis
164 2187 263 2269 quarn
286 2187 386 2272 digna
409 2197 587 2251 memoratu
612 2186 732 2271 prelia,
757 2184 906 2267 inferior3
929 2185 1056 2269 propiu-

48 2281 157 2350 quante
172 2272 274 2336 Fabio
288 2273 433 2353 Valente,
444 2293 485 2337 ne
494 2291 590 2337 omne
603 2271 679 2337 belli
694 2272 795 2337 decus
809 2271 889 2336 illuc
903 2269 1055 2336 concede·

48 2364 99 2435 ret,
113 2358 288 2441 reciperare
309 2358 447 2443 gloriam
469 2358 594 2422 avidius
615 2358 713 2441 quim
734 2356 919 2436 consultius,
945 2375 1055 2439 prope-

48 2442 139 2508 rabat.
181 2443 234 2507 Ad
248 2443 476 2508 duodecimum
490 2466 510 2508 a
527 2444 696 2524 Cremona,
712 2445 802 2508 locus
818 2442 988 2507 Castorum
1000 2461 1056 2506 vo-

48 2537 140 2607 catur,
155 2527 369 2593 ferocissimos
392 2529 611 2609 auxiliarium,
632 2528 874 2594 imminentibus
896 2527 957 2592 ria
972 2527 1055 2591 lucis

49 2616 192 2695 occultos,
207 2616 388 2697 componit:
410 2615 533 2698 equites
549 2622 557 2656 ‘
565 2614 734 2698 procedere
746 2612 980 2699 longibs¹jussi,
995 2623 1055 2694 ‘et,

49 2695 162 2764 irritato
182 2700 291 2782 praelio
313 2709 427 2783 sponte
452 2699 565 2785 refugi,
594 2690 836 2781 festinationem
851 2697 1057 2782 sequentium

49 2782 162 2865 elicere,
176 2786 280 2849 donec
293 2786 418 2850 insidia
433 2787 649 2851 eoorr'rentur.²
692 2784 860 2849 Proditum
873 2785 905 2848 id
922 2783 1057 2848 Othoni·

49 2870 112 2932 anis
126 2870 292 2935 Ducibus:
315 2882 347 2933 et
360 2890 472 2935 curam
486 2871 630 2954 peditum
640 2870 808 2950 Paulinus,
823 2871 970 2953 equitum
982 2870 1055 2934 Gel-

51 2970 108 3033 sus,
121 2958 272 3021 sumsere.
316 2956 567 3024 Tertiaedecimae
585 2957 721 3043 legionis
735 2955 904 3033 vexillum,
917 2964 1057 3036 quatuor

51 3040 237 3106 auxiliorum
252 3041 399 3106 cohortes
424 3054 456 3106 et
477 3042 648 3127 quingenti
670 3040 794 3124 equites
815 3043 850 3105 in
865 3040 994 3104 sinistro
1009 3040 1056 3104 lo·

51 3136 173 3209 cautur3
196 3146 347 3213 aggerem
357 3128 419 3191 ria
434 3137 496 3192 tres
510 3128 668 3195 Praetoriae
682 3128 828 3192 cohortes
843 3125 916 3190 altis
937 3123 1056 3189 ordini·

50 3207 102 3273 bus
120 3213 304 3277 obtinuere:
325 3212 439 3277 dextra
462 3213 566 3277 fronte
587 3214 691 3297 prima
712 3212 797 3299 legio
819 3211 956 3290 incessit,
978 3231 1056 3277 cum

51 3292 162 3363 duabus
186 3297 399 3363 auxiliaribus
422 3299 606 3364 cohortibus
629 3310 661 3363 et
676 3296 861 3385 quingentis
882 3295 1053 3380 equitibus.

52 3376 143 3463 Super
156 3385 248 3448 hose
269 3384 415 3468 praetorio
434 3384 628 3468 auxiliisque
646 3384 736 3453 mille
757 3384 888 3467 equites,
902 3385 1055 3448 cumulus

51 3470 205 3551 prosperis,
222 3481 278 3534 erit
292 3468 474 3534 subsidium
490 3471 716 3549 laborantibus,
727 3468 935 3534 ducebantur.

41 3573 52 3590 ·
89 3553 187 3623 XXV.
209 3557 394 3638 Antequam
408 3554 618 3621 miscerentur
640 3556 733 3634 acies,
754 3565 844 3639 terga
857 3553 1055 3618 vertentibus

54 3633 226 3731 Vitellianis,
240 3642 364 3720 Celsus,
378 3639 445 3704 doli
459 3639 611 3724 prudens,
625 3640 773 3723 repressit
784 3657 869 3702 suos.
911 3636 1054 3731 Vitellia·

54 3735 84 3784 lu
99 3728 212 3792 temere
225 3737 450 3813 exsurgentes,
465 3726 596 3792 cedente
610 3724 731 3792 sensim
748 3724 854 3802 Celso,
867 3721 994 3805 longios
1006 3736 1054 3779 se
