2392 4050
285 235 321 298 O.
337 234 450 301 Coos.
466 234 606 304 Tacrcr
622 238 819 305 Asarcoaa.
1004 240 1070 310 231
1171 291 1172 306 ,

47 421 138 484 quam
151 403 315 470 incuriosa
327 423 465 474 morum
483 416 562 472 ene
585 408 703 489 omisit,
717 409 867 491 quotiens
881 428 1001 496 magna
1014 406 1072 476 ali·

46 505 107 568 qua
132 508 171 553 ac
200 488 319 553 nobilis
341 490 447 555 virtus
472 491 552 560 vicit
575 512 615 558 ac
635 512 846 580 supergressa
868 506 917 560 eet
942 495 1071 575 vitium,

46 570 146 654 parvis
157 574 349 660 magnisque
363 574 553 640 civitatibus
563 595 747 658 commune,
759 579 975 663 ignorantiam
991 578 1071 643 recti

46 665 75 718 et
86 656 252 726 invidiam
294 658 361 724 Sed
375 657 462 741 apud
474 659 607 742 priores,
621 671 659 725 ut
672 679 768 747 agere
780 673 959 732 memoratu
971 663 1073 748 digna

45 758 177 834 pronum
187 743 355 829 magisque
367 743 402 807 in
414 755 621 827 apertoerat3
638 745 683 809 ita
693 747 922 812 celeberrimus
933 747 1071 830 quisque

47 827 177 911 ingenio,
193 828 235 891 ad
250 826 449 910 prodendam
463 829 594 894 virtutis
608 831 806 911 memoriam,
818 831 889 896 siae
898 833 1004 915 gratia
1013 839 1072 898 aut

46 910 221 991 ambitione,
233 915 326 985 bone
338 913 464 978 tantiam
474 914 685 978 emacientiae
696 917 797 997 pretio
807 916 997 981 ducebamr.
1019 917 1071 981 Ae

48 994 193 1079 plerique,
207 1017 304 1061 suam
314 996 373 1080 ipsi
388 998 487 1063 vitam
499 1018 639 1080 narrare,
651 998 806 1068 fiduciam
815 1000 920 1084 potira
931 1019 1070 1081 morum,

47 1080 136 1160 quim
148 1081 368 1169 arrogantiam
377 1082 520 1147 arbitrati
531 1091 627 1147 sunt:
649 1101 710 1147 nec
720 1083 754 1146 id
766 1085 890 1150 Rutilio
900 1095 933 1148 et
944 1086 1071 1151 Scauro

48 1162 242 1238 citraddem
262 1176 319 1232 aut
340 1166 566 1236 obtrectationi
588 1167 669 1232 fuit:
691 1167 772 1232 adeb
796 1170 932 1234 virtutes
954 1170 1071 1244 iisdem

48 1250 238 1332 temporibus
252 1250 374 1335 optime
388 1250 599 1332 aesdmantur,
621 1251 740 1334 quibus
760 1251 914 1318 facillime
929 1253 1071 1338 gignun-

47 1340 102 1399 tur.
145 1336 188 1399 A:
211 1334 304 1415 milri,
326 1354 418 1400 nunc
440 1345 609 1401 auratum
624 1335 726 1400 vitam
748 1335 895 1402 defuncti
917 1336 1070 1415 hominis,

48 1418 134 1484 venia
148 1438 233 1503 opus
251 1418 331 1484 tuit:
353 1439 454 1503 quam
468 1440 536 1485 non
550 1420 710 1503 petissem
730 1420 766 1486 ni
780 1420 990 1487 incubaturus
1004 1430 1072 1485 tam

47 1517 129 1568 sera
140 1514 172 1568 et
185 1504 305 1569 infesta
317 1505 490 1570 virtutibus
501 1514 653 1588 tempora

84 1587 126 1654 lt
144 1588 314 1675 Legimus,
340 1590 416 1654 cbm
439 1590 586 1655 Aruleno
611 1589 748 1654 Rustico
774 1591 882 1658 Paetus
907 1591 1069 1670 Thrasea,

46 1666 203 1736 Herennio
217 1673 393 1740 Senecioni
408 1674 541 1738 Priscus
556 1674 731 1738 Helvidius
746 1675 870 1739 laudati
883 1685 1000 1752 essent,
1015 1692 1071 1737 ca·

45 1752 134 1834 pitnle
148 1756 271 1823 fuisse:
294 1777 400 1842 neque
414 1757 449 1825 iu
465 1757 550 1840 ipsos
565 1758 663 1822 modb
674 1768 832 1837 auctores,
846 1757 905 1821 sed
919 1759 953 1820 in
969 1757 1069 1820 libros

45 1857 165 1923 quoque
178 1862 297 1908 eorum
307 1843 469 1921 sevilam,
490 1840 640 1926 delegato
655 1840 856 1907 Triumviris
877 1839 1067 1920 ministerio,
1171 1837 1172 1842 ’

47 1933 81 1986 ut
92 1935 303 1992 monumenta
326 1926 583 1992 clarissimorum
605 1926 814 2013 ingeniorum
829 1926 863 1989 in
884 1922 1016 1989 comitio
1030 1941 1071 1992 at

47 2004 107 2074 foro
119 2022 303 2077 urerentur.
347 2011 491 2091 Scilicet,
506 2011 563 2075 illo
576 2010 656 2097 igne
669 2030 785 2077 vocem
799 2010 918 2094 Populi
933 2007 1073 2077 Romani

47 2101 75 2155 et
97 2094 279 2167 libertam
302 2098 440 2164 Senatus
463 2105 496 2159 et
520 2096 754 2164 conscientiam
778 2096 909 2184 generis
933 2092 1072 2161 humani

48 2177 161 2245 aboleri
176 2180 424 2264 arbitrabantur,
444 2181 590 2262 expulsis
615 2182 749 2265 iusuper
772 2181 936 2265 sapientie
952 2178 1072 2264 proies·

48 2263 176 2344 acribus,
199 2277 297 2347 atqtm
311 2267 403 2331 omni
426 2264 511 2329 bont
534 2275 602 2330 arte
621 2267 656 2330 in
676 2267 815 2331 exilium
827 2266 975 2346 octana
989 2264 1072 2347 quid

48 2361 182 2429 usquam
195 2350 370 2417 bonesurm
380 2359 574 2415 occurreret.
618 2351 778 2415 Dedimus
793 2350 936 2434 profecto
949 2348 1073 2436 grande

49 2431 204 2510 pollentiae
230 2432 485 2503 documentum:
508 2445 549 2513 et,
571 2434 657 2499 siout
671 2444 766 2500 vetus
787 2444 864 2497 atas
877 2435 970 2513 vidit,
991 2429 1073 2514 quid

48 2514 197 2598 ultimum
211 2516 246 2583 in
262 2517 404 2585 libertate
412 2528 506 2595 esset,
518 2518 562 2580 ita
573 2537 643 2599 nos,
654 2519 734 2603 quid
744 2519 779 2583 in
788 2518 952 2599 servitute,
964 2514 1073 2581 adern-

48 2606 80 2661 to
102 2619 158 2682 per
182 2602 407 2685 inquisitiones
431 2612 464 2666 et
490 2602 646 2684 loquendi
671 2602 892 2685 audiendique
916 2619 1073 2667 commer-

47 2679 103 2776 cio.
146 2685 342 2750 Memoriana
355 2706 484 2771 quoque
498 2686 603 2770 ipsam
616 2708 696 2753 cum
709 2708 789 2752 voce
803 2687 1065 2772 perdidissemus,

48 2781 75 2828 st
88 2779 153 2835 tam
166 2770 204 2833 in
219 2771 329 2840 nostrai
343 2782 496 2855 potestate
508 2781 593 2836 esset
606 2772 765 2853 oblivisci,
779 2774 877 2857 quim
890 2783 1006 2843 tacere

87 2852 145 2923 111.
168 2854 269 2918 Nunc
284 2854 418 2920 demum
431 2855 514 2920 redit
528 2856 681 2922 animus:
703 2868 736 2921 et
749 2876 948 2940 quanquam,
963 2854 1070 2938 primo

49 2935 150 3002 atatim
164 2938 340 3004 beatissitm
355 2941 467 3005 saculi
487 2950 571 3020 ortu,
594 2943 705 3008 Nerva
728 2943 836 3005 Caesar
849 2961 902 3004 res
915 2940 996 3002 olim
1010 2937 1074 3001 dia·

48 3021 213 3086 sociabiles
232 3022 406 3104 miscuerit,
430 3025 654 3107 Principatum
673 3044 712 3088 ac
733 3025 922 3103 libertatem,
944 3030 1075 3105 augeat·

48 3121 107 3184 que
131 3106 276 3189 quotidie
302 3107 485 3173 felicitatem
511 3108 643 3188 Imperii
669 3108 780 3172 Nerva
806 3107 983 3187 Traianus,
1011 3122 1074 3170 uec
1100 3158 1112 3167 .

47 3205 135 3268 apem
149 3190 246 3259 modo
267 3212 307 3257 ac
328 3202 443 3258 votum
464 3192 621 3258 securitas
644 3192 785 3274 publica,
806 3190 865 3254 sed
889 3192 990 3274 ipsius
1004 3188 1073 3253 voti

49 3271 197 3341 fiduciam
211 3296 249 3341 ac
264 3279 370 3361 robur,
386 3275 593 3342 assumserit:
617 3275 736 3340 naturai
751 3286 859 3340 tamen
873 3273 1071 3341 infirmitatis

50 3354 197 3425 humanae
213 3362 354 3427 tardiora
374 3373 452 3428 strut
474 3360 626 3441 remedia,
647 3363 747 3445 quiam
760 3362 868 3444 nula,
890 3373 931 3444 et,
953 3370 992 3425 ut
1006 3379 1076 3426 cor·

51 3459 124 3523 pora
138 3446 224 3511 lente
240 3458 430 3532 augescunt,
445 3448 510 3512 citb
522 3446 785 3536 exstinguuntur,
799 3446 848 3512 sic
861 3447 996 3534 ingenia
1009 3454 1075 3507 stu·

50 3524 163 3612 dieque
190 3533 388 3614 oppresseris
415 3533 550 3614 facilius,
579 3539 680 3616 quam
707 3533 919 3597 revocaveris.
977 3526 1075 3589 Subit

51 3611 167 3696 quippe
181 3618 279 3681 etiam
293 3618 396 3700 ipsius
410 3617 533 3683 inertie
548 3617 708 3683 dulcedo:
730 3627 763 3680 et
777 3614 886 3678 invisa
901 3609 1007 3693 primb
1021 3606 1076 3668 de·

52 3693 132 3761 tidie
146 3703 305 3786 postremo
320 3711 457 3774 amatur,
501 3701 622 3784 Quid}
643 3701 671 3763 si
691 3718 747 3795 per
761 3693 951 3783 quindecim
963 3703 1076 3761 ³⁰⁰⁰&
