2392 4050
61 210 94 274 1.
107 210 140 274 G.
154 213 215 306 ta]
328 214 480 279 Hrsroa.
494 212 575 277 Lis.
591 211 771 278 Tanarus.
1014 212 1058 277 ⁹3

83 385 128 433 tort
158 386 271 436 Notabilis
280 387 483 436 constsnualulii
492 388 610 446 Agrestis.
643 386 818 445 5571161661,
834 395 982 435 utesornno
994 389 1060 436 exei-

85 457 125 506 tus,
141 452 288 512 Apenninum
307 453 409 499 obsideri
422 453 506 510 jubet;
522 452 625 498 honores
642 451 754 512 largitur3
770 453 794 501 in
815 458 896 498 castra
911 454 985 498 venit.
1018 451 1058 498 56.

83 511 188 573 Prodigia.
220 515 370 577 Praecipuum
380 518 432 576 ipse
442 515 552 562 Vitellius
563 523 693 573 ostentum,
704 519 801 575 ignarus
809 516 906 571 militis,
915 517 1061 575 improvidus

83 580 171 635 66111111,
187 578 291 627 Romam
307 581 413 636 revertit,
431 581 555 639 perculsus
571 580 704 628 deiectione
722 581 869 627 Misenensis
886 580 978 626 classis.
1019 579 1058 626 57.

82 640 195 691 Puteolani
204 643 370 705 Vespasiano3
385 645 470 704 Capua
480 643 576 691 Vitellio
586 644 660 691 fava.
693 645 730 693 ct.
745 644 856 692 Julianus
871 643 896 689 in
908 651 989 703 partes
999 642 1061 690 Ves-

82 708 162 764 pasiani
179 710 270 766 transit,
291 709 333 769 qrri
347 709 501 755 Tarracinam
516 717 627 767 occupat.
660 709 698 756 58.
714 708 825 756 Vitellius
841 709 938 755 tranem
956 705 1061 757 Lucium

82 769 135 816 bello
144 786 185 831 per
194 772 351 834 Campaniam
361 773 465 833 opponit.
499 771 554 833 lpse
565 771 653 818 Romae
664 788 697 820 ex
704 773 810 833 plebeos
817 772 919 829 servitiis
927 772 1061 819 exercitum

81 837 178 892 corradit,
189 837 229 895 qui
239 838 307 884 brevi
321 838 438 884 dilabitur.
471 835 510 884 59.
527 835 637 883 Flaviani
646 837 798 897 Apenninum
814 843 954 892 amseunu
970 835 1001 881 sd
1017 850 1061 882 eos

81 896 177 957 66116116,
188 900 276 949 Vitellii
290 901 413 949 custodias
429 902 535 960 elapsus,
545 902 613 948 venit
630 910 655 946 et
673 902 735 948 inter
750 901 833 949 mices
850 900 987 948 assumitur.
1019 900 1061 946 60.

80 957 253 1021 Pugnaravidos
264 966 352 1013 milites
369 964 431 1024 egre
451 965 546 1012 cohibet
562 965 690 1012 Antonius.
723 966 761 1011 61.
778 964 835 1013 Jam
852 965 936 1012 crebra
952 965 1012 1011 fiunt
1029 963 1061 1011 sd

81 1023 245 1086 Vespasianum
255 1030 394 1088 transfugia.
427 1028 526 1075 Priscus
537 1036 562 1074 et
572 1029 698 1089 Alphenus
708 1037 787 1075 castra
797 1028 918 1087 deserunt,
930 1027 960 1074 ad
970 1026 1062 1075 Vitelli-

80 1101 116 1137 um
125 1094 231 1150 regressi.
264 1094 305 1149 62,
315 1094 354 1140 63.
372 1093 444 1139 (laeso
453 1092 565 1148 Valente,
576 1092 771 1152 desperabundus
781 1093 850 1140 miles
860 1093 907 1139 sub
917 1093 990 1150 aunis
1001 1106 1060 1139 vex·

80 1152 161 1264 we
170 1157 201 1204 ad
210 1157 389 1219 Vespasianum
404 1158 495 1203 transit.
527 1155 583 1204 Pax
601 1164 626 1204 et
644 1158 710 1204 salus
726 1158 857 1205 offeruntur
873 1156 978 1214 Vitellio,
994 1156 1016 1204 si
1032 1170 1061 1204 ss

56 1278 190 1332 6611161116
201 1284 315 1342 Sabinus,
332 1283 398 1330 urbis
411 1283 545 1333 Proet‘ectus
561 1283 649 1332 frustri
664 1285 775 1332 incitatur
791 1284 823 1332 ad
839 1298 922 1341 arma;
936 1283 975 1331 65.
992 1284 1061 1345 pacis

80 1358 162 1405 amans,
172 1349 202 1395 de
213 1364 276 1410 pace
286 1349 336 1408 agit
346 1360 403 1396 cum
412 1347 517 1404 Vitellio,
533 1349 572 1394 66.
588 1349 676 1397 cedere
692 1358 784 1409 parato.
798 1350 824 1397 ni
840 1349 879 1396 sui
894 1349 1059 1396 renitereutru.

80 1409 113 1465 tt,
123 1412 158 1459 68.
174 1412 216 1470 Hi,
227 1414 293 1474 pullo
304 1415 393 1461 amictu
403 1413 491 1473 palatio
501 1413 650 1470 degressum,
664 1422 689 1460 et
699 1427 742 1474 pro
752 1413 868 1460 concione
878 1413 965 1461 cedere
975 1427 1004 1460 se
1014 1411 1062 1459 Im·

79 1474 136 1532 petio
152 1485 290 1535 testantem,
312 1471 344 1527 eb
362 1477 438 1525 redire
455 1483 552 1534 cogunt.
586 1478 625 1525 69.
642 1477 739 1525 interim
756 1476 859 1525 Sabinum
876 1475 1060 1538 Rempublioum

80 1549 215 1651 fficerffirat,
226 1543 407 1653 equuoefiaderant
418 1539 528 1650 Iltiomanvi
533 1541 611 1616 omme
627 1543 724 1616 ordinis,
738 1539 1060 1652 frementilgusthermsnipis

119 1617 132 1648 6
174 1619 211 1652 us.
312 1620 369 1652 curu
396 1617 494 1660 mum,
528 1619 556 1650 es
648 1620 817 1666 sprosperum.
925 1618 1060 1651 ascaro-

79 1662 129 1713 lium
143 1677 252 1731 occupat,
270 1670 342 1729 quod,
361 1619 400 1716 'lg-
417 1667 488 1715 (torn.
506 1619 721 1717 meffimri
738 1670 769 1716 ad
778 1668 900 1716 Vitellium
916 1620 1059 1726 missap‘ll.

79 1725 186 1780 Vitelliani
196 1741 345 1794 oppugnent,
355 1733 491 1780 incendunt
526 1733 564 1778 72.
581 1732 619 1779 De
631 1734 747 1793 prioribus
757 1733 860 1793 capitolii
870 1733 925 1780 fatis
935 1733 1058 1791 digressio.

80 1792 113 1838 16.
127 1795 242 1845 Vitelliani
253 1805 343 1845 cuncta
353 1797 478 1856 sanguine,
489 1796 558 1853 terro,
569 1797 673 1845 flammis
681 1799 790 1845 miscent.
823 1796 933 1842 Flauum
944 1795 1060 1843 Sabinum

79 1863 100 1900 et
109 1859 209 1908 Atticum
217 1862 350 1910 Consulem
356 1861 461 1921 capiunt.
494 1862 532 1907 74.
549 1859 701 1907 Domitianus
707 1861 835 1907 Secricolse
844 1860 926 1906 habitu
933 1859 1058 1907 delitescit.

81 1917 179 1981 Sabinus,
190 1927 268 1973 invito
278 1925 381 1981 Vitellio,
392 1924 529 1971 trucidatur.
563 1924 601 1972 to.
619 1925 702 1972 Sebini
711 1924 804 1971 laudes.
836 1923 933 1971 Atticus
941 1929 1058 1969 amiur.

56 1980 130 2058 ⁷⁶’.⁷⁷·
146 1987 276 2037 Tarracina
286 2004 302 2037 a
316 1988 345 2036 L.
356 1988 452 2036 Vitellio
459 1990 559 2036 obsessa
569 1996 594 2036 et
603 1996 681 2050 capta.
714 1985 960 2047 Julianusjugulatur·
993 1985 1061 2034 Tris·

80 2061 114 2095 nc
127 2052 282 2102 inmodestia
316 2055 354 2101 78.
371 2053 486 2110 Flaviani,
497 2054 615 2101 incertum
626 2054 723 2101 Antonii
738 2068 770 2099 an
780 2051 888 2100 Muciani
906 2051 1061 2111 6616166116-

79 2117 157 2173 tentes,
167 2119 262 2166 obsessi
272 2117 375 2179 capitolii
384 2117 450 2165 fama
459 2117 541 2173 exciti,
553 2119 593 2165 79.
609 2119 639 2165 ad
650 2120 733 2165 urbem
739 2124 873 2177 properant.
906 2115 942 2162 Ibi
948 2122 1061 2175 equestre

81 2178 182 2238 uelum,
193 2182 282 2230 Ceriali
292 2183 427 2231 maenum.
459 2183 500 2238 80,
510 2183 549 2229 81.
565 2181 676 2230 Vitellius
686 2183 779 2241 legatos
793 2189 818 2255 et
828 2179 940 2253 Vestales
955 2180 1061 2253 virgines

80 2247 443 2370 stitittt‘liffltiib
456 2245 691 2371 {tulisti
708 2245 1061 2357 itlitrits‘ittii:

81 2366 112 2414 bis
120 2370 197 2431 116166,
209 2381 344 2436 spectatore
355 2375 442 2435 populo
450 2382 474 2421 et
481 2374 568 2434 plausu
575 2374 683 2421 diversas
693 2381 773 2435 partes
780 2374 885 2420 fovente.
917 2373 957 2420 84.
974 2372 1061 2418 Castra

79 2427 180 2484 Pmtorla
195 2446 372 2499 expugnantur.
415 2438 454 2485 86.
477 2437 595 2494 Vitellius,
613 2453 628 2485 s
651 2438 763 2498 pudendi
778 2436 870 2486 latebri
885 2442 1018 2497 protractus
1035 2441 1061 2482 st

81 2501 218 2549 contumeliis
230 2503 339 2560 affectus,
351 2502 380 2549 ad
392 2502 523 2550 Geniomas
549 2502 676 2562 repellitur.
708 2502 747 2549 86.
764 2501 820 2548 Vita
826 2501 913 2549 Vitellii
924 2512 1060 2560 moresque.

82 2554 218 2614 Domitianus
229 2566 315 2615 Ceasar
324 2567 493 2614 consalutatur.
527 2517 604 2612 gesta
614 2580 663 2612 uno
671 2566 804 2625 eodemque
815 2579 885 2612 euno.
974 2603 980 2620 ,

91 2743 251 2843 Matrona
279 2750 345 2817 fato
367 2752 495 2837 fideque
516 2753 665 2903 lpartium
690 2755 925 2820 Flavianarum
948 2751 1060 2818 Duces

58 2835 175 2929 consilia
187 2837 265 2904 belli
286 2839 472 2904 tractabant.
544 2840 726 2906 etovionem
739 2840 775 2905 in
789 2841 936 2926 hyberna
948 2839 1061 2904 tertie·

59 2909 174 2986 decimae
187 2924 321 3010 legionis
332 2929 570 3004 consociant:
593 2923 661 2991 illic
673 2927 850 3012 amovere,
866 2925 1060 3010 ‘placeretne

59 2997 163 3080 obstrui
186 3010 361 3075 Pannoniae
376 3011 486 3094 AlpeS,
510 3010 613 3076 donec
639 3031 658 3074 a
680 3020 770 3096 tergo
791 3010 876 3075 vires
899 3008 1059 3073 universo

60 3100 287 3180 consurgerent3
310 3114 351 3161 au
367 3095 413 3160 ire
427 3097 572 3162 cominus
597 3104 630 3159 et
652 3108 772 3162 certare
787 3116 846 3180 pro
869 3094 962 3161 ltalii
983 3113 1061 3158 con-

59 3176 177 3266 titutius
190 3180 289 3245 foret!
330 3181 462 3252 Quibus
474 3181 613 3266 opperiri
627 3182 751 3246 auxilia
760 3192 791 3247 et
802 3180 927 3246 trahere
937 3181 1061 3246 bellum

59 3254 215 3347 ridebatur,
231 3266 518 3333 ‘Germanicarum
532 3267 699 3353 legionum
717 3267 785 3332 vim
800 3266 991 3350 famamque'
1005 3285 1061 3331 ex-

62 3339 204 3446 tollebant,
215 3357 263 3415 ‘et
276 3351 444 3417 advenisse
454 3373 532 3417 mox
543 3372 621 3418 cum
632 3352 762 3417 Vitellio
777 3352 956 3418 Britannici
970 3359 1062 3416 exer·
1114 3407 1115 3410 ,

62 3435 128 3526 citis
141 3436 268 3502 robora:
290 3438 368 3522 ipsis
383 3457 444 3504 uec
459 3458 633 3503 ntrmerum
651 3458 761 3522 parem
774 3439 943 3523 pulsarum
956 3455 1061 3519 nuper

64 3506 225 3605 legionum
247 3533 287 3605 at,
300 3544 488 3608 quanquam
501 3523 648 3589 atrociter
662 3525 878 3609 loquerentur,
901 3523 1062 3587 minorem

64 3610 119 3662 tite
132 3607 211 3688 apud
222 3608 323 3674 victos
338 3612 493 3675 animum.
536 3609 612 3691 Sed,
627 3608 759 3673 insessis
774 3608 903 3674 interitu
913 3606 1061 3688 Alpibus,

66 3694 217 3760 venturum
238 3714 315 3764 cum
339 3695 442 3781 copiis
464 3694 607 3761 Orientis
631 3694 834 3761 Mucianum.
887 3692 1062 3773 Superesse
