2392 4050
345 275 392 324 ns
408 256 646 324 Oseronrnus
662 254 856 324 uincens.
1049 258 1116 327 269

73 426 238 510 antiquos
252 447 290 492 cc
306 436 430 490 veteres
448 427 571 491 vocetis
594 437 747 506 oratores,
767 445 850 510 qnos
862 425 1043 496 eorundem
1055 430 1115 497 ho·

76 513 217 576 minum
237 531 332 576 eures
346 530 531 596 agnoscere,
545 533 584 576 ac
598 514 690 576 reiut
703 511 901 597 conjungere
914 521 948 576 et
962 517 1115 598 copulent

105 605 273 659 otuerunt.

74 615 102 680 p
130 680 256 744 XVIII.
279 681 359 745 Haec
372 679 445 743 ideo
459 678 605 763 predixi,
619 689 665 759 ut,
679 677 708 742 si
722 698 791 762 quo
808 698 852 745 ex
874 677 993 745 horum
1015 692 1117 748 orato·

75 781 162 828 rum
177 762 263 826 femi
277 764 445 849 gloriaque
467 766 540 828 leus
562 764 758 847 temporibus
779 764 967 846 acquiritur,
982 768 1119 834 eandem

75 849 234 912 docerem
255 848 290 912 in
313 849 420 912 medio
439 848 535 912 sitam
556 857 589 911 et
605 849 793 930 propiorurn
814 847 918 929 nobis,
933 852 1031 932 quim
1046 852 1116 918 Ser.

78 932 210 1011 Garbe,
225 934 263 997 C.
279 934 429 1013 Carboni,
440 938 591 1015 'quosque
613 934 695 995 alios
714 935 863 1015 antiquos
885 935 1006 998 meritd‘
1021 955 1116 1000 voco·

76 1017 240 1080 verimus.
284 1018 370 1082 Sunt
383 1017 473 1080 enim
494 1014 618 1080 horridi
637 1026 669 1081 et
683 1016 820 1098 impoliti
842 1027 875 1080 et
893 1020 990 1082 rudes
1013 1029 1046 1083 et
1067 1022 1117 1086 in·

75 1099 211 1180 formes,
228 1111 261 1163 et
274 1121 356 1184 quos
370 1102 497 1165 utinam
518 1101 662 1165 imitatus
683 1101 776 1164 nuliis
790 1111 880 1183 porte
893 1114 976 1167 esset
991 1106 1115 1170 Calvus

76 1195 200 1264 vester,
215 1186 422 1265 cercentius,
437 1198 494 1250 eut
516 1184 585 1267 ipse
605 1185 728 1249 Cicero.
772 1185 877 1270 Agere
896 1189 985 1251 enirn
1004 1190 1116 1254 fortiis

72 1266 151 1349 jam
164 1279 197 1331 et
210 1269 382 1335 audentius
393 1272 478 1350 volo,
489 1271 516 1333 si
528 1269 613 1333 illud
624 1270 698 1334 aute
710 1269 899 1352 praedixero,
910 1275 1025 1335 mutari
1038 1293 1116 1339 curu

73 1354 281 1435 temporibus
292 1355 410 1419 formes
425 1373 554 1437 quoque
564 1365 596 1416 et
611 1372 730 1440 genere
744 1353 883 1418 dicendi.
927 1355 984 1419 Sic
997 1357 1115 1422 Catoni

76 1439 154 1502 seni
169 1449 372 1521 comparatus
382 1440 419 1502 C.
428 1440 600 1502 Gracchus
609 1440 735 1522 plenior
744 1449 776 1503 et
787 1438 931 1521 uberior3
956 1441 1003 1504 sic
1015 1444 1115 1507 Grac·

76 1523 146 1587 cho
161 1523 290 1605 politior
303 1536 335 1587 et
348 1523 489 1588 ornatior
501 1525 652 1605 Crassus3
676 1524 723 1588 sic
737 1534 874 1606 utroque
889 1524 1070 1591 distinctior
1083 1536 1116 1591 et

75 1607 238 1671 urbanior
258 1619 292 1672 et
315 1609 409 1673 altior
431 1608 564 1690 Cicero;
588 1608 745 1671 Cicerone
764 1607 872 1671 mitior
895 1610 1059 1674 Corvinus
1083 1619 1115 1675 et

76 1691 211 1756 dulcior
233 1702 265 1756 et
280 1693 313 1756 in
328 1693 436 1758 verbis
457 1691 560 1787 magis
582 1692 774 1756 elaboratus.
817 1692 887 1756 Nec
907 1710 1027 1773 quero,
1041 1695 1116 1775 quis

75 1776 331 1842 disertissimus:
353 1778 417 1841 hoc
431 1777 561 1841 interim
582 1775 736 1858 probisse
757 1785 929 1839 contentus
949 1795 1033 1856 sum,
1048 1786 1115 1843 nott

76 1879 153 1924 esse
176 1880 282 1925 unum
295 1862 487 1944 eioquentiae
503 1862 641 1941 vultum,
662 1858 719 1922 sed
734 1857 768 1922 in
790 1858 857 1922 iltis
871 1877 1010 1942 quoque,
1030 1874 1113 1942 quot

76 1947 206 2008 vocetis
227 1947 388 2030 antiquos,
402 1947 511 2028 plures
532 1944 656 2028 species
679 1942 897 2041 deprehendi3
921 1961 983 2006 nec
1005 1945 1114 2012 stetini

74 2029 222 2094 deterius
236 2050 314 2113 esse,
323 2031 412 2114 quod
425 2031 592 2095 diversum
605 2038 672 2110 est3
696 2029 894 2093 vrtioeutem
904 2029 1114 2113 malignitatis

74 2114 236 2179 humcnae
248 2129 491 2199 veteresemper
502 2116 537 2179 in
549 2114 655 2194 laude,
667 2114 838 2197 praeseutin
848 2113 883 2177 in
895 2112 1023 2177 fastidio
1032 2133 1110 2180 esse
1188 2159 1189 2174 ,

76 2197 175 2265 Num
187 2200 384 2279 dubitamus,
400 2201 559 2280 inventos,
573 2199 630 2282 qui
652 2218 718 2282 prae
742 2200 864 2262 Catone
885 2199 1029 2281 Appium
1044 2201 1113 2264 Ge-

75 2302 161 2347 cum
182 2285 285 2370 magis
300 2286 518 2350 mirarentur?
561 2283 647 2348 Satis
669 2291 805 2364 constat,
819 2303 863 2347 ne
876 2284 1027 2347 Ciceroni
1042 2284 1113 2366 qui·
1188 2287 1189 2370 ζ

74 2369 156 2433 dem
169 2369 394 2434 obtrectatores
408 2369 558 2448 defuisse,
572 2368 690 2451 quibus
705 2367 837 2431 inflatus
849 2378 883 2430 et
897 2376 1036 2448 tumens,
1051 2379 1112 2435 ned
1188 2403 1189 2406 ¹

75 2454 157 2517 satis
172 2471 308 2536 pressus,
320 2454 377 2518 sed
389 2472 488 2536 supra
503 2453 638 2518 modurn
658 2454 808 2516 exultans
821 2459 852 2514 et
866 2452 1068 2533 superfluens
1082 2464 1114 2519 et
1188 2463 1189 2538 ζ

71 2558 194 2623 parurn
202 2539 331 2603 Atticus
342 2537 514 2603 videretur.
557 2536 696 2624 Legistis
707 2537 819 2617 utique
828 2545 860 2599 et
870 2534 1006 2600 Celviet
1017 2537 1112 2602 Bruti
1188 2547 1189 2598 3

76 2624 122 2688 ed
137 2624 329 2688 Ciceronem
343 2623 458 2687 missos
479 2623 649 2706 epistolas:
673 2620 848 2702 exquibus
870 2619 967 2684 facile
987 2628 1036 2683 est
1056 2621 1112 2686 de·
1188 2643 1189 2652 ¹

73 2708 288 2793 prehendere,
297 2709 439 2772 Calvum
448 2708 581 2790 quidem
590 2705 740 2771 Ciceroni
751 2704 859 2767 visum
868 2721 1068 2790 exsanguem
1078 2713 1111 2771 et
1188 2715 1189 2784 ζ

75 2793 233 2873 attritum,
249 2794 389 2858 Brutum
401 2803 511 2857 etitem
524 2791 666 2854 otiosum
681 2786 1017 2871 atquedisjuncturn:
1040 2809 1110 2854 rur-
1188 2805 1189 2830 ¹

77 2895 228 2959 sumque,
245 2877 437 2941 Ciceronem
452 2897 472 2938 a
485 2876 590 2937 Calvo
608 2867 741 2955 quidem
756 2873 841 2936 melb
852 2869 1026 2952 audivisse,
1042 2884 1113 2938 ten·
1188 2885 1189 2930 ;

74 2980 180 3045 quatu
189 2963 333 3026 solutum
342 2970 374 3023 et
383 2975 555 3023 enervemr
577 2955 707 3020 nBruto
718 2965 881 3032 autemut
890 2955 992 3036 ipsius
1003 2956 1110 3020 verbis
1188 2975 1189 2978 ’

76 3057 162 3125 utar,
172 3056 326 3127 tanquam
335 3041 476 3107 fractum
489 3039 769 3122 etqueeiumbem.
814 3039 911 3103 sime
923 3039 1111 3125 interroges,
1188 3077 1189 3110 3

75 3147 191 3194 omnes
206 3128 287 3192 mihi
301 3126 454 3191 videntur
468 3137 584 3188 verum
597 3121 729 3185 dixisse.
773 3117 839 3186 Sed
855 3139 931 3208 mou
947 3121 1110 3212 edstngus
1187 3117 1189 3216 ]

75 3216 126 3280 los
141 3213 290 3295 veninm3
313 3229 404 3275 nunc
415 3208 501 3274 mihi
515 3225 594 3272 cum
608 3204 771 3270 universis
786 3206 953 3291 negotium
967 3218 1024 3273 est.
1188 3272 1189 3286 ,

121 3298 217 3363 XIX.
240 3296 336 3376 Nom,
362 3296 525 3379 quatenus
551 3290 994 3374 antiquorumedmirotores
1017 3296 1108 3363 hunc
1187 3313 1189 3368 2

74 3383 167 3447 velut
176 3382 350 3446 terminum
360 3378 559 3464 antiquitatis
568 3377 764 3441 constituere
772 3378 885 3457 solent,
894 3395 993 3460 quem
1004 3391 1108 3463 usquo

76 3466 120 3531 ed
147 3466 299 3530 Cossium
324 3466 485 3530 Severum
508 3462 640 3546 fuciunt,
658 3477 757 3545 quem
777 3463 921 3545 primum
946 3462 1109 3526 affirment
1186 3463 1189 3528 Ἴ

75 3551 204 3616 flexisse
219 3552 259 3615 ab
271 3551 331 3616 int
347 3561 454 3616 vetere
469 3558 565 3632 etque
579 3546 701 3611 directi
722 3545 851 3612 dicendi
874 3544 946 3605 vit:
964 3562 1037 3616 non
1059 3544 1108 3605 in·
1187 3558 1189 3580 ¹

75 3636 225 3700 firmitate
239 3635 373 3723 ingenii,
388 3653 450 3698 nee
465 3633 593 3697 inscitie
608 3632 776 3695 literarum
799 3625 1000 3690 transtulisse
1015 3644 1055 3715 se·
1065 3624 1107 3714 sd
1188 3637 1189 3672 ff

75 3718 248 3787 indicendi
261 3735 367 3809 genus
377 3717 548 3795 contendo,
557 3715 620 3860 {gd
628 3711 796 3794 judicio‘et
808 3704 983 3798 intellectu.
1017 3702 1107 3763 Vidit
