2392 4050
72 9 88 72 l

60 135 101 232 d.
117 168 226 254 G.69.]
340 168 490 233 Heron.
505 166 585 233 Lrs.
602 169 789 239 Ouiaros.
1014 168 1076 234 151

60 339 151 424 bique
171 340 307 424 praedae;
328 337 472 406 intestine
495 338 530 403 in
553 338 655 421 Ubiis,
676 338 766 424 qubd
779 358 861 425 gens
874 338 1078 409 Germanice

59 426 197 512 originis
213 425 336 507 ejurare
347 425 459 510 patrii,
471 424 694 492 Rornanorum
704 442 835 507 nornen,
844 426 936 523 Agri
992 428 1078 492 'oen-

57 533 118 591 ses,
131 523 330 578 vocarentur.
375 512 471 578 Oaesae
494 510 642 578 cohortes
663 532 785 592 eorum,
806 512 841 576 in
856 530 930 575 vroo
989 531 1078 576 arco·

59 596 145 678 duro,
160 598 354 666 incuriosius
368 607 507 684 agenta,
521 597 601 678 quia
613 599 726 680 procul
742 597 810 680 ripd
825 598 965 661 aberant.
1008 597 1079 662 Nec

55 683 205 766 quievere
221 682 307 763 Ubii,
322 683 387 766 qub
400 683 507 750 minus
528 683 651 764 praedas
673 702 692 747 e
716 681 891 747 Germanii
913 692 1077 768 petereutr

57 768 158 851 primo
172 769 322 852 impune,
336 769 413 833 dein
428 768 642 836 circumventi
657 778 756 850 sunt,
776 787 832 851 per
844 785 942 833 orune
956 766 991 834 id
1013 768 1079 833 bel·

58 854 130 918 lum
140 855 271 918 meliore
283 854 338 918 usi
352 852 425 936 fide,
440 855 538 937 quim
550 852 688 918 fortuni.
733 853 886 918 contusis
898 854 998 933 Ubiis,
1008 874 1079 940 gra-

57 938 127 1004 vior
135 950 165 1004 et
179 959 332 1004 successu
342 959 449 1005 rerum
458 938 593 1002 ferocior
606 939 730 1020 Civilis,
739 938 899 1004 obsidium
910 940 1079 1026 legionum

57 1027 208 1110 urgebat:
230 1026 363 1089 intentis
379 1022 542 1105 custodiis,
564 1025 694 1107 nequis
709 1026 856 1090 occultus
874 1026 1010 1091 nuntius
1024 1045 1079 1091 ve·

57 1110 172 1174 nientis
188 1109 304 1175 auxilii
326 1121 514 1195 penetraret.
558 1109 728 1175 Machinas
745 1110 928 1195 molemque
942 1130 1078 1196 operum

58 1195 185 1288 Batavis
214 1195 359 1283 delegat:
396 1195 676 1278 Transrhenanos,
703 1197 877 1280 ‘praelium'
901 1207 1076 1280 poscentes,

59 1281 113 1344 ‘ad
128 1280 344 1345 scindendum
353 1282 478 1346 vallum
492 1282 548 1361 ire,
562 1280 771 1366 detrusosque
782 1281 998 1369 redintegrare
1008 1303 1077 1348 cer·

57 1369 179 1448 tamen,'
190 1366 301 1447 jubet;
317 1377 488 1450 superante
500 1366 708 1432 multitudine
721 1378 754 1432 et
765 1366 852 1434 facili
866 1366 1000 1434 denmo:
1014 1388 1077 1436 nee

59 1451 152 1517 finem
165 1453 266 1516 labori
281 1472 348 1517 nox
362 1452 477 1518 attulit.
553 1517 555 1521 .

100 1537 229 1604 XXIX.
265 1538 434 1636 congestis
463 1537 583 1605 circum
612 1538 710 1625 lignis
736 1538 952 1623 accensisque,
977 1539 1077 1607 simul

59 1623 231 1704 epulantes,
245 1633 283 1688 ut
297 1641 433 1707 quisque
446 1625 525 1689 vino
536 1624 722 1705 incaluerat,
736 1623 937 1710 adpugnare
952 1625 1078 1690 temeri·

60 1715 117 1773 tate
128 1708 222 1773 inani
237 1707 428 1773 ferebantur.
473 1710 606 1793 Quippe
621 1709 764 1792 ipsorum
780 1712 844 1774 tela
855 1730 912 1792 per
931 1712 1077 1776 tenebras

60 1811 158 1857 vana:
181 1792 323 1857 Romani
338 1793 549 1876 conspicuam
565 1795 775 1860 barbarorum
789 1794 902 1873 aciem,
916 1803 948 1859 et
962 1795 989 1859 si
1003 1796 1077 1879 quis

61 1877 191 1943 audaciai
206 1888 263 1945 aut
285 1879 467 1976 insignibus
489 1882 656 1966 effulgens,
677 1878 717 1942 ad
741 1878 843 1944 ictum
865 1879 1076 1946 destinabant.

61 1960 264 2030 Intellectum
277 1964 312 2029 id
327 1964 447 2030 Orsili:
469 1976 510 2047 et,
526 1965 696 2035 ‘restincto
711 1965 795 2051 igne,
811 1964 939 2031 misceri
960 1977 1079 2034 cuncta

61 2052 192 2115 tenebris
204 2060 236 2114 et
250 2051 367 2132 aruris,’
378 2050 477 2133 jubet.
523 2052 616 2117 'I'um
630 2052 707 2116 verb
717 2052 870 2134 strepinra
882 2050 1012 2135 dissoni,
1027 2073 1081 2118 ca·

62 2150 110 2199 sus
124 2134 249 2216 incerti,
264 2157 368 2223 neque
382 2136 527 2218 feriendi,
542 2157 646 2223 neque
667 2136 853 2202 declinandi
866 2138 1079 2223 providentie

62 2216 149 2285 Unde
164 2223 286 2286 clamor
301 2221 470 2305 acciderat,
488 2224 705 2311 circumagere
726 2240 869 2307 corpora,
884 2225 1014 2305 tendere
1029 2244 1078 2293 ar·
1097 2220 1100 2227 ’

62 2322 113 2370 cus
124 2328 134 2382 :v
154 2307 237 2373 nihil
249 2307 400 2392 prodesse
414 2307 526 2390 virtus,
541 2309 607 2372 fors
622 2320 740 2374 cuncte
755 2309 883 2373 turbare
897 2318 928 2374 et
942 2309 1076 2408 ignavo

63 2404 128 2457 rnrn
142 2394 225 2475 saepe
241 2395 313 2457 telis
324 2392 487 2458 fortissimi
499 2395 621 2459 cadere.
665 2392 764 2477 Apud
776 2395 955 2463 Gennanos
965 2415 1076 2462 rncon·

63 2478 221 2542 sultuna:
244 2479 412 2543 Romanus
434 2480 525 2543 miles
548 2480 768 2564 periculorum
791 2500 923 2564 gnarus,
944 2479 1077 2547 ferratas

63 2563 159 2643 rudes,
174 2564 290 2649 gravia
303 2584 391 2647 saxa,
408 2583 473 2628 non
490 2564 570 2633 forte
584 2565 733 2646 jaciebat.
777 2565 841 2631 Ubi
862 2585 962 2645 sonus
985 2568 1076 2633 ruoli-

64 2648 187 2729 entium,
203 2659 260 2712 aut
284 2649 435 2733 appositae
456 2652 553 2715 scalae
576 2652 701 2716 hostem
716 2650 750 2715 in
772 2668 889 2717 manus
911 2652 1074 2737 dederant,

63 2735 231 2816 propellere
245 2737 397 2813 umbone,
412 2735 479 2819 pilo
501 2739 608 2822 sequi:
632 2739 760 2818 multos,
782 2737 816 2801 in
833 2739 954 2807 moenia
973 2760 1077 2826 egres-

65 2831 118 2961 ἓᾳε,
132 2820 328 2904 pugionibus
339 2819 456 2886 fodere.
499 2823 965 2904 Sieexhausrenocte,novam
975 2827 1078 2892 aciem

85 2919 158 2966 resa
180 2907 273 2970 eruit.
570 2967 574 2975 .
859 2928 861 2931 ’

103 2925 211 3057 XXPX.
249 2990 440 3057 Eduxerant
465 2992 578 3059 Batavi
608 2993 732 3074 turrim,
769 2992 891 3077 duplici
919 2994 1074 3076 tabulato,

66 3086 162 3156 quern,
178 3077 339 3141 Praetoriae
353 3086 449 3160 portae
465 3079 506 3163 (is
525 3077 728 3161 aequissimus
743 3079 847 3163 locus)
861 3080 1076 3162 propinquan-

67 3163 130 3240 tem,
144 3162 279 3244 promoti
294 3165 405 3229 contri
418 3163 518 3228 validi
540 3183 661 3227 asseres
676 3173 707 3226 et
730 3164 870 3228 incussae
892 3165 994 3248 trabes
1007 3184 1077 3250 per-

68 3234 186 3329 fregere,
202 3247 304 3313 multe
318 3248 572 3331 superstantium
585 3248 735 3333 pernicie.
780 3249 1076 3335 Pugnatumquein

69 3333 215 3419 perculsos
230 3331 336 3397 subire
350 3346 382 3397 et
395 3335 545 3417 prosperi
559 3335 737 3419 eruptione.
782 3333 888 3401 Simul
903 3358 922 3400 a
937 3338 1078 3424 legiona-

70 3416 241 3504 irrepentis
256 3428 287 3483 et
299 3427 366 3482 arte
381 3419 613 3503 prestantibus,
625 3423 721 3504 plura
734 3422 948 3489 struebantur.
992 3424 1076 3487 Prae-

70 3510 188 3576 clpuunr
201 3523 354 3586 pavorem
369 3503 480 3569 intulit
494 3524 688 3589 suspensum
712 3518 743 3571 et
768 3517 888 3571 nutans
914 3508 1076 3572 machina·

74 3593 210 3668 mentum,
225 3609 291 3673 quo
306 3590 436 3674 repente
451 3588 598 3671 demisso,
613 3603 725 3674 preater
739 3611 874 3657 suorum
884 3611 941 3654 ora
950 3591 1075 3674 singuli

74 3663 205 3743 pluresve
219 3675 362 3741 hostium
374 3677 512 3741 sublime
526 3677 619 3760 rapti,
628 3696 719 3741 verso
729 3676 869 3759 pondere
878 3675 963 3739 intra
972 3681 1076 3735 castra
