2392 4050
117 213 185 281 att
472 215 510 280 Ο.
526 215 638 281 Goaa.
654 213 792 280 'rtem

116 383 304 466 exemplum
315 392 349 447 ct
362 392 501 467 rcctoms
515 384 728 463 habebantur,
742 394 807 448 tres
820 383 1005 462 liburnicas,
1017 378 1119 447 adst&

117 484 175 549 per
197 465 267 533 vim
336 468 569 547 bematoribus,
591 468 784 533 ascendere:
806 478 839 531 et
863 487 931 532 unc
955 467 1119 552 remigante,

115 552 274 635 suspectis
334 553 426 628 obus,
447 553 550 633 coque
572 552 758 631 interfectis,
780 552 929 615 nondum
942 553 1067 633 vulgatu
1079 563 1120 642 ru:

116 650 217 714 more,
231 645 269 698 ut
282 635 479 699 miraculum
493 634 780 716 prevehebantur:
802 652 881 697 rnox
894 634 954 696 hac
969 642 1060 712 atque
1074 629 1119 689 illa

54 762 67 783 .
117 716 210 798 rapti,
232 726 357 782 etcum
376 718 538 800 plerisque
559 716 801 793 Britannorum,
821 734 884 778 saa
896 714 1120 787 defensantium,
1169 718 1173 727 ’

116 801 228 883 praelio
242 802 417 898 congressi,
432 821 470 864 ao
484 802 571 883 sape
584 802 735 879 victores,
748 798 924 881 aliquando
938 797 1032 880 pulsi,
1043 796 1078 860 ei
1088 791 1120 856 ul
1174 878 1176 887 ,

116 895 298 951 extremum
313 886 432 967 tncpiae
448 888 577 964 venere,
598 896 636 948 nt
651 882 889 949 infirmissimos
902 901 1042 958 suorum,
1058 895 1120 944 max

115 979 200 1032 sorte
213 968 338 1047 ductos,
352 981 570 1032 vescerentur.
614 971 722 1050 Atque
736 970 779 1031 ita
794 966 1002 1030 circumvecti
1015 966 1119 1031 Britan

116 1051 216 1130 niam,
238 1052 365 1116 amissis
379 1071 436 1136 per
450 1052 615 1119 inscitiam
630 1052 762 1133 regendi
777 1051 926 1130 navibus,
948 1070 1006 1134 pro
1021 1048 1120 1133 predo

115 1133 214 1200 nibus
234 1135 347 1214 habiti,
369 1137 508 1219 primum
523 1157 542 1200 a
556 1135 678 1202 Suesia
700 1156 778 1199 mox
798 1156 818 1198 a
839 1135 951 1201 Frisiis
973 1131 1119 1215 interrepti

115 1231 213 1285 sunt:
235 1239 274 1285 ac
288 1219 390 1302 fuere,
410 1240 494 1303 qnos
517 1240 575 1304 per
600 1221 795 1299 commercia
811 1219 1034 1298 venumdatos,
1053 1217 1120 1282 etin

104 1313 261 1368 nostram
273 1323 377 1386 usqne
396 1305 500 1386 ripam
514 1306 693 1369 mutatione
713 1303 893 1371 ementium
907 1304 1066 1380 adductos,
1084 1301 1121 1363 in

116 1386 239 1452 dicium
264 1389 344 1451 tanti
368 1390 461 1453 casus
485 1389 670 1454 illustravit.
714 1390 812 1455 Initio
836 1389 954 1451 aestatis
977 1386 1120 1475 Agricola,

115 1468 292 1534 domestico
305 1473 442 1536 vulnere
456 1473 550 1552 ictus,
572 1493 660 1539 anuo
674 1476 750 1539 ante
768 1485 882 1538 natum
897 1474 1003 1539 filium
1023 1470 1120 1534 amisit.

116 1554 228 1624 Quem
242 1573 357 1631 casam
370 1574 486 1640 neque,
506 1569 545 1622 ut
558 1558 704 1641 plerique
719 1558 850 1625 sortium
863 1557 1019 1635 virorum,
1040 1552 1121 1619 ambi

116 1637 208 1733 tiose,
228 1655 336 1736 neqtte
349 1659 407 1723 per
422 1644 562 1707 lamenta
579 1662 690 1708 rursus
705 1663 743 1707 ac
758 1662 929 1708 merorem
942 1639 1121 1709 muliebriter

27 1752 35 1767 ·
115 1722 212 1786 tulrt:
234 1735 266 1793 et
280 1743 313 1788 m
331 1729 422 1792 luctu
438 1727 563 1791 bellum
577 1727 662 1791 inter
677 1728 818 1793 remedia
831 1738 908 1792 erat

89 1826 99 1875 t
159 1807 288 1875 XXIX.
325 1809 430 1895 Igitur
453 1810 622 1894 praemissa
650 1813 763 1890 classe,
786 1832 859 1895 quaa
885 1812 1032 1895 pluribus
1054 1808 1119 1875 lotis
1175 1858 1176 1879 r

61 1882 79 1909 '²
114 1890 265 1989 predata,
287 1912 445 1991 magnum
458 1905 491 1958 et
504 1896 665 1961 incertum
679 1908 832 1963 terrorem
846 1894 1119 1979 faceret,e1pedito

114 1987 272 2057 exarcatu,
294 1998 348 2043 cut
362 1999 406 2046 ex
426 1980 591 2046 Britannis
613 1980 803 2048 fortissimos
817 1991 849 2045 et
871 1982 967 2068 longi
991 2000 1066 2066 paee
1076 1997 1119 2043 cx·

113 2058 255 2153 ploratus
265 2062 441 2144 addiderat,
454 2065 497 2129 ad
508 2078 654 2132 montem
667 2069 861 2151 Grampinm
876 2068 1029 2150 pervenit,
1039 2081 1120 2149 quern
1174 2133 1175 2140 ,

110 2158 181 2221 Jam
195 2143 304 2242 hcstes
323 2150 517 2215 insederant.
559 2152 648 2217 Nam
668 2151 825 2232 Britanni,
847 2152 931 2216 nibil
945 2151 1037 2216 fracti
1057 2168 1120 2234 pag·
1174 2147 1175 2230 l

112 2240 166 2292 nae
179 2245 296 2311 prtons
310 2246 439 2316 eventu,
454 2246 487 2301 et
500 2236 659 2304 ultionem
673 2248 730 2302 aut
743 2237 912 2303 servitium
926 2244 1120 2320 expectantes.

112 2320 309 2403 tandemque
322 2319 419 2401 docti,
434 2340 609 2386 commune
624 2322 808 2405 periculum
822 2321 993 2387 concordia
1008 2317 1120 2404 propul-

112 2403 261 2485 eandum,
291 2406 507 2492 legationibus
535 2417 568 2471 et
591 2405 767 2472 fraderibas
795 2407 943 2471 omniurn
969 2406 1120 2471 civitatum

112 2492 198 2555 vires
211 2490 409 2558 exciverunt.
452 2492 591 2575 Jamque
611 2509 709 2574 super
730 2491 864 2574 triginta
885 2491 990 2556 millia
1006 2497 1121 2554 amau

112 2593 187 2640 rum
201 2575 446 2657 aspiciebautur,
468 2588 501 2639 et
515 2576 624 2641 adhuc
638 2576 791 2642 affluebat
804 2575 911 2640 omnis
927 2577 1120 2657 juventuqct

112 2658 234 2741 quibas
246 2659 349 2725 cruda
362 2680 401 2724 ac
416 2661 529 2727 viridis
543 2670 703 2740 senectus,
722 2662 802 2727 clari
817 2661 911 2738 bello,
925 2680 963 2725 ao
977 2679 1037 2726 sua
1048 2656 1120 2740 quis

110 2761 176 2824 qus
190 2741 310 2806 decora
326 2755 507 2829 gestantes:
530 2747 606 2813 crim
619 2746 702 2812 inter
724 2749 833 2830 plures
852 2746 961 2813 Duces
974 2745 1120 2810 virtuteet

111 2844 231 2913 genere
259 2838 424 2910 praestans,
459 2830 593 2898 nomine
622 2832 795 2913 Calgacus,
824 2830 912 2914 apud,
939 2836 1120 2899 contractam

111 2911 364 3060 {nulssimdiuem
378 2911 527 3000 prelium
540 2926 736 3001 pcsasnuna
751 2917 786 2981 in
800 2915 890 2987 huno
901 2914 1033 2980 mum
1046 2914 1119 2977 loca
1170 2911 1171 2918 ’

126 3014 165 3060 us
191 3007 297 3066 artur:

154 3082 266 3148 XXX.
288 3085 472 3155 ‘Quotiens
486 3102 603 3153 causas
617 3085 695 3150 belli
709 3096 741 3148 at
754 3084 974 3152 necessitatem
989 3092 1116 3150 nnsnant

110 3162 248 3244 intueor,
264 3187 404 3253 magnus
418 3168 499 3234 milri
512 3169 642 3235 animus
655 3179 715 3250 est,
738 3169 933 3235 hodiernum
946 3167 1039 3246 diem,
1053 3181 1115 3230 aon·

109 3265 307 3332 sensumque
330 3265 484 3333 vestram,
507 3253 637 3320 initium
660 3255 814 3322 libertatis
836 3254 935 3319 totius
960 3248 1115 3318 Britannia

108 3330 185 3395 fore.
231 3335 317 3398 Nam
331 3346 362 3400 et
376 3338 520 3402 universi
535 3339 699 3405 servitutis
713 3350 868 3423 expertes,
888 3349 921 3402 et
934 3339 1032 3404 nulla
1045 3330 1114 3427 altri

107 3424 209 3492 “¹122
238 3436 277 3480 ⁸0
301 3437 344 3482 ne
368 3440 457 3483 mars
481 3422 615 3503 quidem
639 3442 802 3504 sectarunt,
831 3423 1017 3488 imminente
1035 3418 1113 3484 nobts

108 3498 211 3559 classe
234 3498 401 3568 Romanas
423 3504 467 3568 ita
489 3506 641 3585 pralium
665 3521 761 3591 atque
784 3529 882 3588 arma,
902 3527 975 3591 quaa
998 3503 1113 3591 sortibus

107 3576 253 3657 honesta,
276 3582 389 3645 eadem
411 3587 510 3651 etiam
533 3589 662 3655 ienavis
684 3593 854 3672 tutissima,
875 3601 961 3657 sunt.
1003 3587 1112 3654 Priores

106 3676 237 3741 mnae,
251 3663 370 3752 quibas
384 3668 540 3742 adversita
606 3694 719 3749 manos
730 3677 821 3751 latia
834 3676 962 3762 sonunt
975 3681 1113 3752 aestua
