2392 4050
123 163 190 228 210
468 164 814 233 C.Oonn.'1'acruus
877 238 880 244 ,
908 186 913 197 ·

167 336 368 404 Gannr'anu
393 337 499 402 omnis
523 358 544 402 a
569 339 675 403 Gallis
700 338 886 425 Rhaetisque
908 350 941 403 et
966 339 1144 420 Pannoniis¹

123 420 242 488 Rheno
256 435 288 488 at
302 422 454 489 Danubio
468 423 666 504 fluminibus,
692 444 712 487 a
726 424 882 491 Sarmatis
898 425 1059 511 Dacisque
1068 450 1127 496 mu·

124 521 182 573 tuo
196 523 284 573 metu
298 518 354 573 aut
368 508 540 588 mancinus,
563 519 739 593 separatur.
784 512 898 576 Cetera
913 511 1063 579 Oceanus
1074 535 1127 579 cm

123 594 178 676 bit,
194 595 275 660 latos
289 594 381 659 sinus
395 604 427 658 at
442 593 623 660 insularum
634 596 791 664 immensa
839 596 904 660 alia
917 601 1130 682 complectens,

121 697 227 763 nuper
241 680 378 767 cognitis
392 677 584 763 quibusdam
598 681 747 766 gentibus
762 616 969 768 acHchibuS,
983 705 1065 766 quos
1077 687 1132 751 bel·

121 764 192 829 lum
206 767 338 850 spernis
380 764 525 846 Rhamis,
540 765 762 831 Rhaeticarurn
776 767 909 849 Alpium
924 768 1132 836 inaccessam
1171 817 1172 820 κ

121 851 277 935 precipiti
291 850 410 915 vertice
425 861 524 931 ortus,
548 851 674 916 modico
694 852 783 916 flexu
798 852 832 916 in
848 853 1061 920 Occidentem
1073 877 1131 921 ver·

122 937 184 1017 sim,
199 935 439 1034 septentrionali
453 937 586 1002 Oceano
598 937 761 1002 miseemr.
805 937 987 1020 Danubius,
1002 943 1092 1005 molli
1101 951 1128 1005 et

120 1023 292 1087 clementer
302 1021 387 1085 editu
397 1022 516 1086 liuentis
528 1022 674 1087 Abnobae
685 1021 767 1110 jugo
777 1023 908 1103 effusus,
918 1024 1027 1107 plures
1042 1046 1126 1110 popu·

121 1108 170 1171 los
184 1105 260 1187 edit,
281 1104 386 1172 donec
400 1105 434 1173 in
448 1106 621 1173 Ponticum
634 1127 795 1190 maresan
808 1110 965 1173 meatibus
981 1114 1129 1197 erumpit:

121 1192 293 1277 septimum
307 1192 395 1258 enim
409 1213 445 1258 os
458 1192 631 1279 paludibus
645 1194 803 1259 hauritur.
1154 1187 1159 1202 ’

164 1278 207 1342 11.
229 1278 320 1362 Ipsos
334 1279 514 1343 Germanos
536 1278 705 1366 indigenas
719 1275 919 1359 crediderim,
941 1280 1133 1367 minimeque

120 1363 259 1428 aliarum
281 1363 428 1449 gentium
452 1362 646 1430 adventibus
668 1374 701 1427 et
729 1364 875 1448 hospitiis
899 1364 1040 1450 mixtos3
1063 1369 1134 1452 quia

119 1466 181 1512 nec
196 1450 277 1513 terri
291 1448 379 1529 alirn,
402 1448 459 1514 sed
478 1449 645 1530 classibus,
668 1450 918 1531 advehebantur,
941 1453 997 1534 qui
1011 1466 1133 1518 mutare

118 1533 210 1598 sedes
223 1534 426 1620 querebant:
448 1544 480 1598 et
499 1534 675 1601 immensus
699 1536 792 1619 ultre,
813 1546 913 1620 utque
927 1537 974 1601 sic
988 1538 1131 1620 dixerim,

119 1619 273 1685 adversus
297 1620 447 1685 Oceanus
469 1620 549 1685 raris
571 1622 612 1686 ab
635 1623 710 1685 orbe
733 1632 843 1686 nostro
862 1622 1000 1685 navibus
1019 1611 1131 1689 aanor.

119 1707 208 1778 Quis
233 1724 337 1792 porro,
362 1714 478 1789 preter
540 1705 683 1770 rlcnlnm
704 1705 827 1770 horridi
851 1717 884 1770 et
905 1706 1006 1794 ignoti
1029 1711 1131 1788 maris,

119 1792 198 1858 Asin
213 1802 270 1856 aut
293 1789 404 1856 Africi
425 1801 479 1856 aut
499 1725 594 1866 fferre
616 1792 737 1872 relicti,
764 1792 972 1859 Germaniam
992 1794 1129 1877 poterell

118 1876 291 1944 informem
305 1876 407 1957 terris,
422 1896 568 1962 asperam
582 1868 813 1958 coelo‚'lristem
827 1880 918 1942 cultu
932 1890 1128 1963 aspectuque,

67 2026 78 2043 „
117 1964 229 2029 nisisi
251 1964 353 2049 petria
374 1961 425 2029 sit.
468 1964 640 2028 Celebrant
664 1963 860 2028 carminibus
882 1963 1022 2048 antiquis
1036 1964 1130 2116 Quod

117 2068 223 2115 unum
238 2048 323 2132 apud
338 2049 412 2114 illos
427 2049 587 2115 memoriae
602 2059 633 2113 et
646 2048 816 2113 annalium
829 2067 933 2134 genus
946 2052 1008 2134 est)
1023 2058 1031 2090 ‘
1071 2052 1129 2114 uis

118 2154 234 2199 eonem
259 2135 378 2215 Deum,
401 2134 486 2198 terra
507 2133 640 2214 editum,
664 2144 697 2198 et
720 2133 827 2201 filium
846 2133 1017 2217 Mannum,
1040 2135 1127 2222 origi·

117 2239 194 2284 nem
206 2219 310 2306 gentis
325 2219 577 2304 conditoresque.
622 2221 746 2284 Manno
766 2229 831 2282 tres
852 2219 947 2282 filios’
960 2221 1123 2306 assignant,

118 2311 156 2369 ‘e
175 2324 316 2390 quornm
333 2304 519 2370 nominibus
542 2305 679 2391 proximi
696 2305 827 2369 Oceano
849 2305 1047 2390 Ingaevones,
1066 2324 1123 2368 me

116 2389 164 2456 dii
193 2392 392 2472 Hermiones,
407 2392 518 2455 ceteri
550 2392 724 2456 Istaevones
755 2392 929 2455 vocentur!
988 2389 1126 2463 Quidam

116 2488 233 2559 autern,
256 2478 388 2542 licentii
406 2476 582 2558 vetustatis,
609 2476 735 2561 ‘plnres
758 2475 830 2540 Deo
853 2485 940 2539 ortos
961 2478 1129 2559 pluresque

158 2565 222 2628 ntis
237 2562 474 2646 appellationes,
494 2562 628 2643 Marsos,
655 2557 871 2642 Gambrivios,
893 2562 1029 2644 Suevos,
1050 2562 1129 2627 Vun-

116 2583 227 2714 ffilios’
242 2649 422 2713 affirmant:
445 2653 563 2731 ‘enque
578 2667 655 2712 vern
668 2657 699 2711 et
714 2645 846 2729 untiqua
856 2647 999 2712 nomina
1044 2649 1131 2710 Oete·

116 2733 189 2798 rlnn
214 2734 400 2797 Germanis
422 2734 620 2798 vocabulum
644 2751 756 2796 recens
781 2741 814 2794 et
838 2744 942 2814 nuper
965 2731 1130 2811 additum3

116 2819 282 2902 quoniam,
303 2817 359 2901 qui
375 2817 469 2900 primi
491 2817 645 2882 Rhenum
664 2816 853 2903 transgressi
877 2817 990 2882 Gallos
1004 2817 1132 2901 expule

116 2906 190 2989 rint,
206 2926 252 2986 sc,
267 2923 356 2969 nunc
372 2902 514 2989 Tungri,
528 2918 609 2968 tunc
623 2900 778 2967 Germani
794 2903 899 2967 vocati
912 2901 997 2967 sint:
1019 2903 1066 2966 ita
1077 2921 1131 2967 na·

116 2993 214 3058 tionis
238 3009 356 3057 nomen
380 2990 415 3053 in
440 3008 558 3053 nomen
583 2989 689 3077 gentis
713 2988 881 3053 evaluisse
899 2989 1066 3071 paulatim,
1094 2994 1131 3049 nt

116 3097 238 3163 omnes,
261 3077 398 3162 primum
418 3095 438 3138 a
456 3076 578 3139 victore
600 3075 641 3139 ob
662 3083 793 3154 metum,
817 3092 893 3138 mox
913 3094 934 3137 a
956 3073 1070 3158 seipsis
1084 3091 1130 3136 rn-

116 3175 215 3228 vento
228 3165 368 3243 nomine,
389 3162 555 3227 Germani
569 3160 781 3224 vocarentur!

160 3249 220 3314 111.
243 3249 375 3312 ‘Fuisse
400 3246 487 3331 apud
512 3264 567 3310 eos
596 3257 628 3308 et
652 3244 837 3312 Herculem’
857 3254 1048 3324 memorant,
1070 3239 1131 3327 pri·

116 3352 272 3416 mumque
298 3333 445 3396 omnium
466 3333 612 3397 virorum
636 3331 768 3395 sortium
792 3328 870 3394 ituri
889 3329 924 3393 in
950 3329 1060 3414 praelia
1081 3345 1131 3392 ca·

115 3429 209 3500 nunt.
253 3417 339 3481 Sunt
357 3417 422 3480 illis
443 3417 513 3482 haec‘
533 3436 662 3499 quoque
685 3416 837 3496 carmina,
859 3434 1000 3500 quorum
1018 3416 1129 3491 relatu,

114 3521 213 3586 quem
238 3501 407 3564 barritum
431 3510 558 3580 vocant,
581 3500 764 3565 accendunt
788 3501 924 3580 animos,
946 3499 1130 3582 futuraeque

113 3605 234 3672 pugnae
257 3583 418 3648 fortunam
439 3583 508 3663 ipso
533 3599 631 3648 centn
656 3604 698 3649 au
723 3596 877 3650 urantur:
901 3596 1018 3651 terrent
1041 3583 1130 3648 enim

112 3669 321 3753 trepidantve,
334 3672 431 3751 'prout
440 3668 548 3733 sonuit
558 3669 654 3733 acies.
698 3605 945 3738 {annuncia
955 3671 1020 3752 ille,
1028 3675 1128 3754 quem
