2392 4050
407 224 719 293 Sueoauuauuou.
1012 227 1077 295 287
1173 301 1174 306 ,

27 399 177 477 Insuper
194 399 273 476 viget
289 399 409 477 egregia
428 399 553 475 quidem,
564 399 638 459 dura
657 411 762 469 tamem
776 410 884 458 naturae
905 403 1078 475 necessitas,

28 498 197 555 nunquam
215 478 307 556 magis
321 480 405 554 quim
424 480 455 537 in
476 479 568 538 literis
588 492 701 557 potens.
742 480 809 539 Una
822 480 899 538 enim
913 490 943 537 et
955 482 1080 557 simplex
1175 511 1176 516 κ

32 561 173 618 omnum
186 560 293 616 tantum
302 559 387 616 modd
399 561 504 636 patitur
511 561 667 637 exemplar,
676 560 804 635 sdqood,
814 559 840 618 ai
850 561 942 617 semel
953 561 1080 633 emicuit,
1175 557 1177 624 l

34 639 195 698 accedere
210 639 328 696 arduum
342 649 396 708 est,
409 640 484 713 quod
506 658 642 717 superare
663 640 738 700 telle
758 651 863 698 tanum
881 649 926 697 est
939 651 969 697 et
982 641 1080 698 absur-

35 718 127 777 dum.
172 717 360 776 Ineluctabilis
374 717 445 777 illud
465 719 554 778 satum
573 739 612 778 ne
630 719 747 777 vincere
768 717 883 795 quidem
904 720 995 795 potuit
1016 720 1081 795 ipss
1168 711 1172 722 '

39 798 181 868 Gracia,
193 796 412 855 soecuudissima
430 798 611 876 ingeniorum
631 818 745 876 parens.
787 799 899 858 Unicus
913 797 956 856 illi
970 798 1080 857 Home·
1178 843 1179 860 1

38 897 110 949 rus,
125 877 232 935 unicus
246 877 340 942 Plato,
359 878 462 935 unicius
477 878 701 937 Demosthenes.
742 878 810 937 Pari
826 878 1080 955 logepremimu13
1178 879 1180 902 '¹

41 977 107 1017 nec
130 974 233 1015 vereor
254 958 378 1033 superba
396 957 496 1016 sutura
510 959 601 1017 statis
611 958 740 1035 jcrdieia:
761 969 794 1017 ut
806 958 882 1035 eptrd
902 976 957 1016 nos
976 959 1081 1016 unicus
1180 1013 1181 1024 ,

43 1047 98 1097 est
123 1035 275 1113 Virgilius,
302 1036 406 1098 unicus
428 1055 539 1113 quoque
563 1038 619 1096 orit
639 1038 754 1096 Cicero.
795 1037 853 1097 Per
875 1037 1081 1114 Septingenta·

43 1115 144 1175 ferme
159 1133 252 1174 conos
265 1114 303 1173 de
315 1114 372 1172 hac
390 1117 548 1193 exemplari
561 1115 653 1194 gloril
665 1118 822 1176 oratoribus
841 1117 948 1176 nostris
968 1128 1080 1176 certare
1181 1111 1182 1176 ἶ

45 1195 145 1255 licuit.
188 1195 343 1270 Postquam
352 1194 473 1253 intonuit
483 1197 606 1254 sublime
618 1207 647 1254 et
655 1195 918 1271 eloquentissimum
927 1196 1081 1255 Ciceronis
1180 1191 1182 1216 ³

46 1294 97 1343 os,
111 1273 201 1332 desiit
214 1285 370 1332 certamen.
414 1274 561 1352 Occupatd
576 1274 745 1351 eloquentiae
759 1275 858 1352 gloril,
869 1293 944 1333 nova
955 1275 1020 1333 laus
1029 1294 1082 1352 per
1182 1273 1183 1278 ’

48 1354 195 1413 disertum
208 1352 324 1411 dicendi
338 1372 430 1430 genus
448 1353 501 1412 suit
513 1354 758 1432 quaerendaquod
770 1354 835 1433 ipsa
846 1354 1009 1413 invexisset
1021 1373 1082 1413 mu·

48 1444 114 1491 tata
128 1432 293 1509 reipublicae
307 1432 407 1492 forma.

97 1516 146 1570 13.
167 1510 358 1587 Temporibus
373 1511 450 1570 enim
463 1511 619 1572 etsor'tunae
633 1532 748 1591 semper
761 1524 947 1590 attemperata
961 1524 1007 1572 est
1019 1532 1083 1572 ora·

50 1592 107 1650 tio.
151 1590 236 1666 Apud
256 1602 386 1669 agrestes
407 1592 539 1666 serosque
552 1592 695 1662 homines,
708 1612 801 1668 pauca
818 1604 886 1650 aunt
902 1594 998 1662 verba,
1012 1593 1084 1651 dura

53 1690 93 1730 ac
107 1670 157 1727 vix
167 1671 275 1746 juncte,
288 1688 350 1744 quae
365 1670 533 1729 necessitati
543 1672 651 1728 tantum
664 1670 815 1728 sufficiant.
860 1672 966 1729 Contri
979 1671 1027 1736 iis,
1034 1671 1084 1746 qui

55 1749 226 1825 Principum
240 1750 363 1807 arbitriis
376 1761 521 1829 reguntur,
535 1769 743 1828 regnorumque
760 1749 953 1825 tranquillitati
974 1760 1004 1806 et
1023 1749 1083 1825 opi·

55 1832 114 1888 bns
134 1828 295 1898 insuevere,
314 1830 434 1906 elegans
456 1830 648 1906 copiosusque
670 1847 775 1899 sermo,
799 1828 835 1885 sd
859 1829 1085 1886 assentationem

58 1908 246 1985 compositus,
254 1909 304 1982 qui
316 1909 375 1966 otio
389 1920 419 1966 et
431 1909 511 1967 luxui
522 1909 633 1966 abunde*
643 1918 785 1984 suppetat
826 1907 968 1965 Gentibus
980 1918 1084 1978 autem,

58 2005 125 2065 quae
138 1988 279 2046 communi
294 1989 441 2047 societatis
461 1990 614 2066 legumque
635 1987 753 2046 vinculo
773 1988 962 2058 continentur,
977 1998 1006 2044 at
1027 1986 1085 2063 pri·

58 2086 182 2127 mserum
195 2067 332 2125 libertatis
342 2069 391 2144 jus
405 2069 557 2139 retinuere,
570 2068 646 2144 qnod
659 2067 766 2145 singuli
778 2068 825 2125 vel
840 2067 943 2145 capitis
956 2066 1085 2144 periculo

61 2146 217 2207 defendere
238 2158 396 2218 teneantur,
416 2159 446 2205 et
467 2167 485 2206 a
504 2149 620 2206 nemine
642 2147 707 2205 sine
730 2147 842 2206 scelere
861 2147 962 2205 violari
983 2147 1085 2218 valeat,

62 2237 182 2307 promta,
201 2226 287 2295 acris,
305 2226 401 2284 vivida
423 2246 593 2303 pugnaxque
617 2227 718 2285 oratio.
762 2226 811 2292 Et.
828 2227 854 2285 si
878 2226 949 2284 inne
974 2227 1087 2284 interos

63 2307 189 2367 oriantur
206 2304 335 2374 dissidia,
349 2317 397 2362 aut
410 2306 436 2364 si
450 2317 570 2363 extema
589 2307 635 2364 vis
655 2306 803 2364 servitium
816 2306 950 2364 minitans
964 2307 1086 2382 ingruat,

64 2384 160 2445 statim
167 2384 197 2444 in
207 2384 376 2457 eloquentis
387 2384 506 2442 fulmina
514 2396 674 2462 erumpunt,
681 2385 784 2460 quibus
791 2396 840 2442 aut
849 2385 960 2442 tumida
970 2383 1088 2460 ingenia

66 2464 235 2524 seditionum
245 2462 376 2521 flammas
384 2465 572 2535 exsuscitent,
579 2476 628 2523 aut
637 2464 749 2543 egregii
757 2464 838 2521 cives
846 2464 975 2541 publicos
986 2463 1087 2523 hostes

67 2552 190 2613 arceant,
203 2554 232 2600 et
246 2561 397 2600 commuue
417 2544 555 2612 libertatis
574 2545 680 2602 meum
700 2555 840 2615 tueantur,
854 2544 1014 2618 eloquentie
1034 2543 1088 2601 sul

65 2620 144 2682 baud
156 2621 258 2692 minos,
270 2623 355 2697 quim
369 2623 464 2693 ermis,
478 2623 630 2682 terribiles.

110 2706 155 2760 14.
174 2701 244 2760 Inde
257 2702 364 2760 liberes
381 2701 457 2778 apud
476 2714 578 2779 gentes
592 2702 739 2762 nobilitata
751 2714 793 2761 tot
805 2713 945 2762 oratorum
962 2702 1088 2766 nomina.

69 2780 139 2842 Inde
152 2792 291 2838 oratorum
304 2799 441 2852 summus,
460 2781 684 2853 Demosthenes,
702 2784 739 2843 ad
759 2802 900 2842 stnnmum
920 2783 1089 2859 eloquentis

72 2861 217 2939 gloriaque
236 2860 381 2937 fastigium
394 2873 512 2920 evectus
526 2873 579 2921 est.
621 2863 701 2922 Vidit
717 2863 846 2941 petriam,
863 2862 977 2928 deliciis
997 2861 1089 2919 difflu-

72 2951 172 3008 entem,
184 2940 285 3017 opibus
305 2941 446 3016 corrumpi
468 2940 592 3011 facilem,
605 2961 661 2999 nec
679 2943 740 3018 jam
761 2941 908 2999 servitium
928 2950 1089 3015 paventem.

73 3018 151 3077 Vidit
162 3019 257 3095 patriis
270 3018 428 3076 inhiantem
440 3038 549 3095 regem,
561 3020 689 3076 victoriis
703 3020 837 3089 nobilem,
848 3017 1020 3076 exercitibus
1035 3017 1091 3074 sor·

72 3097 239 3168 midsndum,
252 3098 313 3155 auri
334 3099 417 3175 copie
437 3100 599 3174 superbum,
613 3098 688 3168 dolo,
704 3099 805 3156 virtute
823 3108 977 3175 potentem,
995 3096 1092 3156 omnia

74 3196 209 3247 ausurum,
223 3177 291 3237 dum
301 3177 384 3234 modd
397 3177 520 3234 invisam
534 3177 589 3234 sibi
601 3177 760 3235 libertatern
776 3176 967 3235 exscinderet.
1008 3176 1090 3236 Unus

75 3256 291 3325 Demosthenes,
304 3257 420 3331 solaque
434 3259 487 3314 sul
507 3256 669 3331 eloquentie
682 3267 815 3325 armatus,
829 3255 965 3315 adversus
979 3256 1092 3316 domes·

75 3338 146 3395 ticos
155 3346 341 3410 extemosqne
351 3334 451 3395 hostes
465 3346 521 3395 stat
533 3336 696 3403 interritum
716 3336 836 3412 patriam
849 3354 866 3393 a
881 3347 998 3395 veterno
1010 3355 1093 3396 revo-

77 3426 131 3485 cat,
142 3426 170 3473 et
184 3433 258 3474 noro
271 3416 409 3473 libertatis
422 3435 518 3475 amore
532 3416 699 3486 succendit3
722 3415 885 3492 Philippum
899 3417 997 3485 eludit,
1016 3427 1092 3472 artes

80 3496 138 3572 ejus
150 3496 256 3571 retegit,
267 3494 295 3553 ei
309 3494 414 3553 centn
432 3496 507 3555 odia.
548 3497 672 3564 Quantis
691 3514 765 3572 opus
782 3496 835 3553 suit
858 3495 1026 3571 eloquentiae
1039 3492 1094 3549 tul·

81 3574 196 3652 guribus,
205 3585 237 3633 ut
249 3574 360 3633 animos
373 3576 595 3652 perstringeret!
636 3575 752 3641 Quanti
761 3574 897 3631 orationis
907 3574 946 3642 vi,
955 3582 987 3628 ut
996 3578 1095 3642 parata

82 3663 121 3713 tot
137 3652 361 3713 machinamenta
382 3656 578 3713 subverteret!
621 3653 699 3719 Quot
719 3652 762 3709 illi
783 3649 931 3707 subeunde
947 3643 1092 3722 pericula!
