2392 4050
49 179 104 243 320
377 176 415 241 Ο.
430 176 540 245 Coun.
557 176 721 243 Tacr'rus

49 369 156 416 arum.
200 347 357 416 Occidere
371 349 484 428 solent,
499 368 566 415 non
581 346 753 432 disciplina
766 358 799 413 et
812 350 991 432 severitate,
1005 349 1060 414 scd
1144 345 1146 348 ’

49 446 158 519 mpetu
173 445 205 499 et
219 434 276 515 ira,
291 448 329 502 ut
338 433 518 515 inimicum,
533 434 596 499 nisi
607 433 695 517 quod
710 434 852 520 impune.
898 435 1057 511 Libertini

49 541 100 586 ron
115 522 253 587 multam
265 540 364 605 supra
384 529 592 601 marescum,
614 520 688 585 raro
702 520 836 603 aliquod
857 532 1058 586 momentum

49 605 188 689 ndomo,
203 626 371 691 nunquam
382 605 415 670 in
427 606 556 671 civitate
570 629 578 688 ;
600 606 744 690 exceptis
754 605 917 675 duntaxat.
928 607 969 669 iis
982 626 1058 693 geu·

50 692 130 773 ibus,
144 712 219 775 quae
234 703 420 778 regnantur.
464 691 511 756 Ibi
526 692 615 757 enim
628 705 661 756 et
674 712 772 775 super
784 690 947 779 ingenuos
959 704 993 756 et
1007 710 1058 756 su·

49 796 90 841 ier
104 779 229 842 nobiles
249 777 446 843 escendunt:
468 776 556 862 apud
569 788 691 843 ceteros
706 776 845 862 impares
864 777 1008 843 libertini
1022 776 1058 842 li·

49 865 506 931 erratisareumentumsunt.
681 924 685 939 ,

76 951 198 1017 XXVI.
213 914 346 1013 *Faenus
369 944 491 1049 agitare
510 957 542 1011 et
563 947 598 1012 iu
622 967 739 1017 usuras
760 947 943 1027 extendere,
965 947 1057 1033 igno

49 1055 122 1099 um:
159 1033 295 1118 ideoque
319 1034 420 1120 magn
445 1044 603 1115 servatur,
630 1035 729 1118 quam
753 1034 782 1099 si
804 1034 942 1099 vetitum
964 1045 1056 1099 essct

49 1120 122 1207 lgri,
144 1139 202 1202 pro
217 1139 352 1185 nomem
367 1120 540 1198 cultorum,
561 1122 603 1184 ab
621 1119 784 1185 universis
804 1120 943 1185 larices
960 1138 1056 1186 occu·

49 1217 163 1286 rantur,
184 1225 266 1289 quos
280 1224 361 1270 mox
373 1205 456 1271 iuter
470 1225 514 1284 se,
535 1204 715 1271 secundum
729 1203 962 1289 dignationem,
987 1225 1057 1289 par·

49 1292 178 1356 iuntur:
201 1290 387 1355 facilitatem
401 1290 557 1375 partiendi
571 1310 761 1375 camporum
774 1291 878 1374 spatia
892 1301 1056 1375 praestant.

49 1381 122 1441 lrve
136 1396 192 1459 per
204 1396 307 1440 annos
318 1387 463 1443 mutant:
485 1389 517 1440 et
527 1388 678 1459 strperest
686 1396 781 1463 ager3
804 1396 865 1441 nec
876 1376 966 1443 enim
980 1396 1057 1442 cum

49 1463 176 1527 lbertate
190 1471 222 1525 et
236 1461 449 1547 amplitudine
463 1462 524 1529 soli
539 1463 648 1529 labore
663 1460 872 1542 contendunt,
895 1472 933 1527 ut
947 1481 1056 1545 poma·

49 1547 81 1610 ia
94 1558 265 1613 conserant
280 1556 311 1611 et
327 1560 417 1630 prata
431 1558 580 1631 separent
594 1560 626 1612 et
640 1547 749 1613 hortos
763 1548 887 1635 rigent:
908 1547 982 1613 sols
996 1558 1056 1611 ter·

49 1656 75 1696 ae
89 1653 180 1720 seges
194 1633 379 1716 Imperetur.
424 1631 519 1697 Unde
533 1653 658 1699 annum
672 1652 800 1718 quoque
815 1634 924 1717 ipsum
936 1652 1005 1699 nou
1021 1631 1055 1698 iu

49 1719 164 1785 otidem
178 1717 330 1806 digerunt
344 1717 487 1803 species:
509 1719 625 1802 lryems
639 1730 671 1782 et
686 1740 742 1789 ver
756 1731 787 1785 et
801 1729 896 1784 aestas
909 1718 1055 1784 intellec·

49 1825 103 1870 um
125 1824 164 1902 ac
189 1804 350 1875 vocabula
374 1805 515 1869 habeut:
542 1802 691 1871 autumni
714 1805 848 1889 perinde
870 1823 994 1870 nomen
1018 1820 1068 1870 ac'

49 1910 119 1955 rona
133 1901 334 1975 ignorantur.

74 1975 218 2042 xxvrl.
243 1977 412 2042 Funerum
430 1975 523 2041 nulla
545 1975 700 2059 ambiti03
723 1974 756 2040 id
777 1976 885 2041 solum
907 1976 1056 2044 observa·

49 2081 94 2143 ur,
109 2074 145 2126 ut
159 2080 294 2146 corpora
307 2063 471 2136 clarorum
482 2062 627 2128 virorum
638 2063 732 2127 certis
748 2059 848 2149 lignis
860 2075 1056 2129 crementur.

49 2151 161 2213 ltruem
179 2147 250 2233 rogi
271 2146 499 2229 recreemus,
521 2167 582 2213 nec
597 2146 757 2227 odoribus,
779 2147 970 2213 cumulant:
993 2169 1055 2214 sua

50 2234 149 2316 nique
160 2253 258 2315 arma,
271 2231 478 2316 quorundam
492 2234 561 2318 igni
573 2244 605 2296 et
618 2253 722 2316 equus
734 2232 894 2316 adjicitur.
937 2234 1055 2318 Sepul-

51 2338 125 2384 rum
146 2338 256 2403 cespes
277 2318 381 2404 erigit.
425 2318 714 2384 Monumentorum
734 2318 874 2386 arduum
892 2328 925 2382 et
944 2339 1055 2404 opero-

49 2424 105 2468 um
129 2405 294 2484 honorem,
316 2414 353 2468 ut
376 2424 510 2489 gravem
532 2403 707 2486 defunctis,
727 2414 950 2488 aspernantur.
994 2406 1056 2472 La·

49 2500 141 2554 centa
155 2511 193 2556 ac
208 2492 367 2574 lacrymas
390 2489 464 2571 cito,
485 2490 631 2555 dolorem
651 2489 684 2555 e't
702 2491 862 2556 tristitiam
876 2490 976 2571 tarde,
1000 2511 1056 2577 po

49 2586 125 2641 lunt.
169 2575 329 2640 Foeminis
349 2576 460 2660 lugere
482 2576 656 2642 honestum
669 2588 737 2659 est3
760 2575 838 2641 viris
860 2578 1056 2643 meminisse.

49 2662 109 2724 lac
124 2660 158 2725 in
179 2679 353 2726 commune
376 2660 418 2725 de
437 2662 586 2726 omnium
610 2660 846 2727 Germanorum
871 2661 999 2750 origiue
1015 2685 1053 2729 ac

49 2744 172 2810 rioribus
187 2746 390 2829 accepimus:
412 2766 502 2811 nunc
516 2749 720 2833 singularum
743 2746 891 2832 gentium
905 2747 1056 2815 instituta

49 2832 183 2914 itusque,
198 2830 357 2915 quatenus
372 2830 531 2911 differant,
546 2853 622 2916 quae
636 2834 783 2898 nationes
796 2853 815 2896 e
830 2834 1054 2901 Germanicia

49 2918 157 2981 lallias
171 2916 463 3003 commigraverint,
482 2918 663 3001 expediam.

74 3004 235 3072 XXVIII.
257 3002 435 3068 Validiores
446 3003 525 3068 olim
538 3004 709 3069 Gallorum
720 3023 771 3068 rea
781 3000 890 3086 fuisse,
901 3024 1053 3070 summus

51 3101 200 3156 uotorum
211 3089 252 3154 Ι).
265 3089 374 3154 Julius
385 3088 501 3154 tradit:
523 3090 625 3173 eoque
640 3089 791 3154 credibile
805 3102 853 3154 est
866 3091 965 3156 etiam
977 3091 1054 3157 Gal·

49 3195 79 3237 os
94 3173 129 3239 in
150 3174 361 3240 Germaniam
381 3185 603 3261 transgressos.
648 3175 858 3245 Quantulum
874 3176 966 3241 enim
985 3196 1053 3242 am·

49 3260 82 3322 ¹is
96 3261 327 3342 obscenaeque
341 3260 457 3341 minias,
471 3274 508 3330 ut
521 3280 658 3345 queque
670 3280 751 3347 gens
764 3261 940 3340 evaluerat,
955 3281 1052 3327 occu·

53 3358 118 3409 aret
140 3355 400 3428 permutaretque
424 3345 524 3426 sedes,
546 3346 747 3431 promiscuas
769 3345 878 3410 adhuc
904 3356 936 3411 et
959 3347 1052 3413 nulli

49 3449 203 3514 egnorum
218 3430 361 3511 potentie
373 3431 520 3496 dlvisast
564 3433 668 3519 Igitur
678 3432 761 3497 inter
773 3431 972 3516 Hercyniam
985 3433 1051 3517 syl·

52 3536 105 3579 am
127 3514 346 3596 Rhenumque
365 3526 396 3580 et
417 3518 568 3582 Moenum
589 3537 702 3582 amnes
724 3517 875 3597 Helvetii,
896 3518 1050 3583 ulteriora

49 3600 112 3678 toii,
128 3597 256 3662 Gallica
271 3610 408 3682 utraque
423 3620 513 3685 gens,
531 3610 678 3667 tenuere.
722 3604 832 3668 Manet
847 3601 955 3669 adhuc
970 3603 1049 3669 Boi·

52 3687 119 3749 cmi
129 3702 258 3764 nomen,
267 3684 492 3771 significatque
504 3685 568 3753 loci
578 3699 720 3754 veterem
729 3689 926 3771 memoriam,
936 3708 1048 3776 quam·
