2392 4050
49 202 84 266 A.
99 203 132 266 C.
145 201 208 290 tn]
323 203 474 269 Hrsroa.
490 203 569 269 Lre.
586 205 773 276 Quassus.
989 208 1052 272 157

46 373 144 439 Patres
157 383 335 460 utrumque
342 376 486 458 jussere:
508 375 549 441 de
564 378 684 443 Pisone
696 377 824 442 irritum
846 372 917 440 fuit.
961 376 1054 443 Tum
1076 415 1080 423 ·

45 469 117 522 sorte
131 459 230 541 ducti,
248 469 320 546 ‘per
333 482 415 545 qnos
429 463 638 528 redderentur
651 466 736 529 bello
750 476 848 546 rapta,
860 462 979 545 quique
991 482 1054 527 aera

44 545 151 693 Ἠῶ,
166 557 324 613 causata
337 549 476 632 delapsa,
497 559 665 614 noscerent
679 549 885 634 figerentque,
901 558 931 611 et
946 547 1052 628 fastos,

112 632 229 695 atione·
242 640 424 719 temporum
446 633 589 715 foedatos,
613 645 833 715 exonerarent,
856 633 1052 716 modumque

42 715 167 797 publicis
203 718 358 801 impensis
386 719 546 795 facerent!
587 719 746 784 Redditur
775 719 889 784 Tertio
921 718 1053 783 Juliauo

43 800 186 881 Praetura,
201 787 374 887 postquard
391 804 540 891 cognitus
560 816 609 869 cst
630 805 672 870 ad
686 805 919 889 Vespasianum
942 803 1054 868 coniu-

41 885 132 969 gisso:
155 888 283 973 Griplro
305 887 408 955 honor
433 892 559 954 mansit.
603 891 715 976 Repeti
737 890 813 954 inde
834 889 1054 974 cognitionem

42 970 320 1038 interMusonium
341 974 466 1039 Rufum
488 986 520 1039 et
541 976 577 1040 P.
601 977 745 1041 Celerem
766 976 897 1059 placuit,
921 974 1054 1038 damna·

41 1064 145 1139 tusque
160 1059 299 1124 Publius
313 1070 346 1125 et
362 1062 478 1126 Sorani
493 1060 646 1127 Manibus
660 1060 867 1125 satisfactum.
911 1060 1053 1146 Insignis

38 1142 156 1223 publici
169 1144 340 1209 severitate
353 1146 431 1227 dies,
446 1166 486 1210 ne
502 1147 654 1229 privatim
673 1146 805 1231 quidem
826 1146 922 1211 laude
936 1147 1049 1211 caruit.

41 1226 159 1292 Justum
173 1229 336 1296 indicium
358 1231 504 1314 explesse
527 1232 698 1297 Musonius
713 1232 901 1296 videbatur:
923 1231 1053 1296 diversa

40 1309 115 1377 fama
140 1315 316 1396 Demetrio,
332 1317 489 1401 Cynicam
512 1329 632 1381 sectam
656 1316 816 1401 professo:
838 1317 925 1400 qaod
950 1318 1051 1386 mani·

40 1395 144 1463 festum
155 1420 252 1465 reum
263 1402 468 1482 ambitiosius,
479 1408 577 1484 quam
586 1403 757 1482 honestius,
768 1402 969 1471 defendisset.
1001 1404 1052 1486 lp

40 1481 62 1544 si
75 1483 188 1551 Publio
204 1505 312 1569 neque
326 1487 453 1553 animus
467 1488 501 1550 in
522 1489 683 1571 periculis,
698 1508 802 1571 neque
823 1488 923 1552 oratio
938 1507 1051 1572 suppe-

39 1567 149 1636 ditavit.
195 1572 303 1654 Signo
315 1572 449 1638 ultionis
470 1573 504 1636 in
530 1586 731 1638 accusatores
752 1573 835 1651 dato,
851 1573 962 1656 petita
980 1575 1051 1638 Cae·

38 1671 98 1717 sare
108 1658 127 1720 J
130 1657 231 1722 unius
244 1658 420 1738 Mauricus,
436 1667 490 1723 ‘ut
500 1661 804 1723 commentariorum
817 1659 1051 1744 Principalium

39 1749 217 1820 potestatem
232 1744 367 1808 Senatui
380 1743 508 1824 iaceret,
524 1763 580 1827 per
593 1764 676 1827 quos
689 1753 842 1823 nosceret,
853 1763 951 1827 quern
964 1745 1049 1827 quis-

39 1841 92 1905 quc
103 1829 329 1893 accusandum
342 1831 553 1913 poposcisset!
597 1828 861 1893 ‘Consulendum
875 1828 939 1893 tali
953 1849 1049 1913 super

38 1926 67 1972 re
80 1911 282 1997 Principem,'
296 1916 467 1998 respondit.

72 1997 158 2064 XLI.
181 2002 334 2080 Senatus,
354 1999 582 2066 inchoantibus
602 1998 803 2084 primoribus,
819 1997 1050 2082 jusjurandum

38 2085 182 2168 concepit,
199 2102 266 2170 quo
280 2086 425 2151 certatim
440 2104 552 2152 omnes
578 2085 793 2172 Magistratus,
808 2086 904 2151 ceteri
928 2096 965 2151 ut
979 2105 1049 2150 sen·

38 2170 157 2235 tentiam
185 2173 389 2257 rogabantur,
407 2174 511 2237 ‘Deos
533 2175 635 2236 testes’
649 2170 856 2251 advocabant,
873 2171 975 2236 ‘nihil
989 2188 1050 2257 opo

38 2253 88 2314 sud
107 2254 242 2337 aarum,
264 2257 330 2340 qud
353 2258 546 2342 cujusquam
570 2263 658 2321 salus
684 2256 862 2337 laederetur,
887 2276 993 2341 neque
1014 2276 1049 2321 se

38 2341 208 2423 premium,
222 2354 279 2406 aut
302 2343 466 2424 honorem,
481 2364 523 2407 ex
549 2343 727 2423 calamitate
751 2343 875 2406 civium
900 2343 1020 2428 cepisse
1030 2343 1048 2407 :¹

38 2426 156 2507 trepidis
171 2437 206 2492 et
219 2429 318 2493 verbe
327 2427 538 2511 jurisjurandi
552 2427 729 2512 pervarias
743 2439 825 2492 artes
839 2428 1048 2510 mutantibus,

38 2509 98 2591 aaa
123 2512 239 2599 flagitii
266 2515 464 2577 conscientia
491 2515 601 2578 inerat.
645 2514 826 2578 Probabant
858 2514 1048 2599 religionem

38 2591 145 2679 Patres,
168 2599 348 2683 perjurium
373 2601 557 2687 arguebant.
603 2598 716 2680 anue
736 2601 827 2663 velut
849 2618 985 2663 censura
1010 2597 1047 2664 in
1080 2650 1081 2653 η

35 2677 233 2749 Sariolenum
256 2685 413 2751 Voculam
437 2695 468 2750 et
487 2684 635 2750 Nonium
649 2684 823 2748 Attianum
847 2695 878 2747 et
902 2686 1047 2749 Cestium

39 2763 187 2835 Seuerum
201 2770 354 2835 acerrime
369 2771 525 2853 incubuit,
539 2770 657 2857 crebris
671 2769 759 2853 apud
774 2771 936 2835 Neronem
959 2770 1046 2835 dela·

37 2849 167 2919 tionibus
181 2855 327 2920 famosos.
371 2857 576 2922 Sariolenum
590 2866 622 2919 et
637 2874 747 2919 recens
762 2856 883 2920 crimen
902 2856 1044 2942 urgebat,

38 2937 114 3016 qaod
136 2941 223 3024 apud
239 2941 406 3006 Vitellium
427 2941 558 3006 molitus
582 2941 695 3004 eadem
719 2939 818 3004 foret:
842 2960 902 3004 nec
926 2940 1046 3005 destitit

36 3018 166 3088 Senatus
181 3044 297 3091 manus
311 3026 469 3091 intentare
488 3027 625 3105 Voculae,
640 3025 743 3089 donec
765 3027 855 3090 curia
868 3024 1042 3090 excederet.

38 3106 83 3171 Ad
95 3111 243 3176 Pactium
256 3111 446 3177 Africanum
460 3110 660 3197 transgressi,
676 3129 751 3175 eum
772 3130 899 3194 quoque
921 3121 1045 3194 protur-

38 3188 122 3259 bant:
145 3207 299 3280 tanquam
314 3195 435 3263 Neroni
450 3194 634 3264 Scribonios
653 3195 772 3277 fratres,
795 3195 964 3261 concordii
978 3197 1043 3280 opi·

38 3272 150 3363 busque
175 3283 326 3368 insignes,
350 3283 390 3348 ad
417 3283 553 3348 exitium
577 3282 825 3367 monstrarisaet.
868 3282 1041 3349 Africanus

39 3376 133 3446 teque
146 3367 235 3432 fateri
258 3367 400 3450 audebat,
415 3388 519 3452 neque
534 3368 675 3432 abnuere
695 3378 836 3450 poterat:
859 3369 894 3434 in
910 3370 1041 3436 Vibium

41 3446 187 3533 Crispum,
203 3452 297 3535 cujus
310 3453 612 3541 interrogationibus
635 3452 832 3539 fatigabatur,
856 3456 941 3520 ultrb
965 3474 1040 3520 eon·

40 3549 149 3617 rersus,
163 3536 328 3603 miscendo
342 3558 413 3622 quse
439 3538 608 3605 defendere
630 3539 789 3623 nequibat,
803 3541 952 3606 societate
973 3543 1058 3603 cul—¹

39 3631 80 3697 pe
93 3621 247 3687 invidiam
260 3624 444 3689 declinarit.

77 3703 175 3773 XLII.
199 3709 352 3798 Magnam
372 3708 626 3855 eodiepiitatis
648 3708 899 3790 eloquentiaeque
920 3705 1039 3768 samam
1077 3726 1080 3731 ¹
