2392 4050
26 162 27 167 ἵ
61 215 95 283 A.
110 215 146 283 G.
161 217 245 307 iiii]⁴
330 214 482 283 Hrsron.
497 215 577 282 Lus
590 213 771 281 Tnarrns.
1010 214 1073 283 103

58 389 143 471 'mori
156 388 259 455 noctis
276 388 387 468 unius,
400 388 543 457 advectis
564 387 732 455 tormentis
752 384 987 469 machinisque,
1008 388 1078 453 vim

57 475 281 558 victoriamque
296 474 466 543 nobiscum
492 473 661 541 serimusi’
703 473 811 541 Simul
826 472 911 536 lixas
932 474 1075 538 catones

59 580 124 643 qne,
139 581 217 627 cum
229 559 458 627 recentissimis
468 561 624 644 equiturn,
636 559 830 625 Bedriacum
841 556 946 639 mittit,
956 558 1075 643 copias,

60 656 223 731 ceteraque
238 645 313 710 usui
329 647 491 711 alleturos.

96 732 189 799 XXI.
211 730 341 796 trivero
355 732 441 818 egre
455 732 611 796 tolerante
635 730 746 827 milite,
768 748 865 813 prope
888 727 1077 795 seditionem

59 827 195 897 rentum,
210 818 286 886 clun
299 816 458 904 progressi
472 816 595 900 equites
608 817 670 880 sub
685 835 755 900 ipsa
776 814 904 895 moenie,
920 834 1019 902 vagos
1032 832 1076 881 ex

26 902 28 911 ’
60 902 325 968 Cremonensibus
353 903 553 987 corripiunt:
585 921 727 985 quorum
759 899 880 990 ind‘mio
909 900 1075 966 noscitur:

60 995 129 1055 ‘sex
141 988 333 1053 Vitellianas
349 988 492 1073 legiones
506 1006 701 1070 omnemque
721 985 909 1067 exercitum,
922 988 979 1070 qui
993 987 1076 1051 Hos·

57 1073 126 1138 tilire
140 1084 259 1160 egeret,
273 1093 312 1138 eo
327 1073 397 1157 ipso
410 1073 463 1138 die
473 1073 607 1158 triginta
619 1072 722 1137 millis
734 1091 890 1156 passuum
898 1092 1074 1154 emensum,

59 1159 216 1243 comperti
229 1178 365 1225 suorum
374 1157 476 1239 clade,
487 1159 522 1223 in
533 1157 687 1242 proeliutn
696 1158 823 1245 accingi
834 1177 871 1221 ac
879 1156 949 1239 jam
959 1159 1077 1224 effem’

59 1244 88 1308 ls
101 1255 202 1310 terror
216 1245 396 1310 obstructas
410 1253 532 1309 mentes
546 1242 691 1308 consiliis
706 1243 810 1307 Ducis
833 1244 968 1327 speruit.
1009 1245 1077 1310 Sis·

59 1338 119 1395 tere
140 1330 270 1395 tertiam
293 1329 455 1394 decimum
478 1329 649 1417 legionem,
670 1327 706 1393 in
730 1329 800 1411 ipso
814 1328 876 1393 vias
900 1329 1075 1395 Postumius

59 1435 180 1502 aggere,
192 1414 293 1497 jubet,
308 1414 362 1482 cni
374 1415 489 1496 juncta
499 1436 520 1478 s
532 1416 615 1480 levo
628 1433 663 1479 se
685 1414 763 1483 tima
773 1414 943 1494 Galbiana,
954 1415 1076 1500 patenti

59 1519 168 1586 campo
189 1501 284 1583 stetit,
305 1501 381 1566 dein
405 1501 541 1585 septima
565 1435 755 1582 Clantfisns,
779 1500 896 1588 agresti
920 1499 1004 1566 fossis
1018 1502 1078 1588 (ita

59 1586 147 1652 locus
161 1589 243 1673 erat)
256 1586 470 1671 praemunita5
490 1586 614 1667 dextro,
629 1596 745 1650 octava
758 1605 814 1670 per
828 1594 975 1669 apertum
992 1587 1077 1653 limi·

60 1680 129 1753 tem,
143 1692 222 1739 mox
236 1671 336 1754 tertia,
347 1672 454 1736 densis
463 1672 603 1737 arbustis
613 1672 807 1753 intersepta:
828 1671 883 1736 hic
893 1672 1077 1755 aquilarum

60 1758 288 1843 signorumque
303 1756 400 1823 ordo:
419 1757 536 1822 milites
551 1756 646 1822 mixti
660 1757 885 1840 pertenebroso,
899 1767 936 1821 ut
951 1756 1016 1823 fors
1027 1769 1077 1822 tu·

29 1842 45 1865 '⁸
60 1843 156 1908 lerat:
185 1843 421 1910 Praetoriauum
444 1843 605 1908 vexillum
628 1843 813 1926 proximum
837 1842 999 1926 temonis,
1025 1863 1078 1908 co·

61 1928 165 1994 hortea
186 1929 393 2009 auxiliorum,
415 1928 451 1992 in
475 1929 647 2010 comibus;
670 1927 770 1992 lutera
794 1946 833 1991 sc
857 1938 947 2013 terga
970 1928 1078 2013 equit·

62 2014 276 2081 circumdate:
298 2013 377 2080 Sido
392 2023 487 2099 etque
504 2014 648 2095 Italicus,
663 2010 773 2097 Suevi,
787 2033 865 2079 cum
878 2013 1010 2081 delectis
1023 2035 1078 2102 po·

80 2101 229 2183 ulerium,
243 2100 375 2184 primori
390 2100 425 2164 in
442 2100 511 2165 acie
525 2101 747 2170 versabantur.

101 2187 215 2252 XXII.
238 2188 282 2251 At
302 2186 495 2252 Vitellianus
508 2186 677 2266 exercitus,
699 2183 751 2250 cni
776 2184 979 2269 requiescere
1001 2187 1077 2253 cre

64 2289 164 2336 monae
185 2282 226 2353 et,
251 2272 431 2357 reciperatis
451 2272 523 2337 cibo
545 2291 723 2355 somnoque
736 2271 869 2354 viribus,
891 2273 1077 2339 consectum

64 2355 169 2443 nigore
183 2369 277 2441 atque
291 2356 398 2422 inedie
412 2356 545 2438 hostem,
567 2357 693 2440 posteris
705 2356 758 2421 die
773 2358 940 2446 profligare
954 2380 993 2426 ao
1007 2379 1078 2444 pro-

28 2447 42 2525 l
64 2463 151 2509 ruere
173 2444 254 2509 ratio
278 2440 359 2508 fuit:
381 2442 512 2528 indigus
536 2443 676 2522 rectoris,
702 2442 794 2525 inops
819 2444 956 2525 consilii,
984 2444 1077 2510 tertiis

64 2530 159 2595 ferme
173 2528 278 2595 noctis
296 2528 376 2592 horis
389 2528 507 2611 paratis
518 2526 586 2608 jam
601 2527 824 2612 dispositisque
839 2530 1007 2595 Flavianis
1021 2530 1080 2596 im-

64 2615 215 2701 pingitur.
259 2613 415 2680 Ordinem
426 2613 573 2700 agminis,
582 2612 706 2696 disjecti
715 2632 771 2697 per
782 2614 864 2680 iram
873 2636 910 2680 ac
921 2617 1077 2700 tenebras,

65 2719 242 2768 asseverare
256 2719 321 2764 non
338 2700 460 2766 susim:
481 2717 669 2783 quenquam
682 2700 738 2764 alii
761 2700 956 2783 tradiderint,
972 2709 1080 2788 ‘quar-

65 2795 129 2852 tem
156 2785 399 2851 Macedonicum
420 2785 532 2850 dextro
557 2805 691 2851 suorum
714 2806 836 2853 cornu:
868 2788 1024 2873 quintam,
1046 2798 1079 2853 et

66 2870 377 2954 quintamdecimam,
391 2892 466 2937 cum
479 2870 610 2936 vexillis
631 2890 727 2937 nonae
750 2872 965 2958 secundaeque
986 2885 1018 2939 et
1030 2874 1079 2939 vi·

67 2959 186 3022 cesimae
206 2956 466 3023 Britannicarum
488 2957 664 3042 legionum,
679 2958 818 3025 medinm
832 2959 952 3043 aciem3
975 2968 1079 3024 sexte·

67 3042 244 3108 decimanos
253 3040 624 3125 duoetvicesimenosque
634 3043 1015 3126 etprimanoslaevumeo

70 3129 257 3211 complesse!
299 3126 443 3211 Rapaces
458 3138 552 3210 atque
573 3127 677 3193 italici
691 3130 842 3194 omnihus
856 3149 890 3194 se
904 3131 1014 3214 menip

70 3211 266 3279 miscuerant.
315 3212 426 3297 Eques
448 3213 635 3297 auxilioque
657 3214 718 3278 sibi
743 3215 805 3302 ipsi
830 3214 939 3279 locum
962 3215 1078 3303 legire.

71 3296 220 3368 Prelium
240 3297 306 3364 totis
327 3309 422 3366 nocte
436 3300 573 3382 verium,
599 3318 725 3384 anceps,
750 3309 860 3384 etrox;
884 3299 945 3384 his,
966 3323 1079 3372 rursus

71 3381 141 3464 illis,
154 3385 325 3450 exitiabile.
369 3383 459 3449 Nihil
474 3384 612 3464 enimus,
627 3396 684 3449 eut
705 3406 830 3467 monus,
853 3405 894 3451 ne
908 3388 1080 3473 oculiqui·

72 3465 140 3535 dem
152 3472 282 3555 provisu
292 3469 467 3552 juvabant:
482 3471 594 3535 eadem
605 3472 740 3557 utrique
749 3472 818 3536 acie
830 3491 940 3538 armar
959 3475 1078 3539 crebris

73 3551 365 3645 interrogationibus
379 3566 493 3621 notum
517 3576 635 3643 pugnae
657 3557 809 3644 signum:
831 3559 988 3641 permixta
1001 3579 1078 3623 vex·

73 3636 133 3722 illa,
146 3644 330 3727 utquisque
351 3643 476 3727 globus,
499 3652 592 3724 capta
614 3662 658 3706 ex
679 3644 834 3722 hostibus,
849 3642 915 3706 huc
931 3644 982 3706 vel
996 3642 1099 3704 illuco

74 3728 213 3808 raptabat.
271 3727 453 3815 Urgebatur
475 3726 618 3794 maxime
646 3729 781 3811 septima
805 3726 899 3811 legio,
927 3741 1031 3805 nuper
1058 3742 1080 3786 a
