2392 4050
112 169 155 236 ὅθ
465 167 502 232 0.
519 165 629 252 Coun,
646 167 782 233 'recres
929 168 980 257 [rh
995 167 1031 233 U.
1047 166 1115 232 822

111 341 189 421 rire,
210 339 300 406 velut
314 338 400 405 Nero
421 339 628 406 adventaret:
649 341 738 406 vario
757 357 852 422 super
877 341 968 406 exitu
989 339 1055 422 ejus
1068 359 1116 404 ru-

110 446 209 508 more,
223 426 324 510 eluue
333 424 480 508 pluribus
494 426 603 491 vivere
617 446 693 491 eum
703 425 898 510 fingentibus
912 426 1118 491 credentibus·

110 533 183 597 que.
234 513 422 576 Ceterorum
444 531 538 577 casus
563 522 760 594 conatusque
786 512 821 575 in
846 524 998 578 contextu
1020 513 1117 595 operis

110 599 275 664 dicemus:
298 606 377 661 tune
391 614 504 663 servus
517 620 535 664 e
550 598 664 679 Ponto,
678 597 760 677 sive,
780 607 817 662 ut
838 597 895 662 aiii
909 598 1073 679 tradidere,
1086 597 1118 661 li·

110 685 254 749 bertinus
268 702 310 747 ex
324 681 426 763 lulis,
440 684 569 748 citharae
583 694 616 747 et
630 682 742 748 cantrls
755 682 875 766 peritus
887 684 988 770 (unde
1002 682 1058 765 illi,
1071 702 1118 745 su·

110 788 167 867 per
180 767 426 834 similitudinem
446 769 520 850 oris,
543 769 671 853 propior
694 767 735 836 ad
755 768 934 834 fallendum
955 768 1047 855 fides)
1071 766 1118 830 ad·

106 855 228 937 junctis
241 852 463 934 desertoribus,
477 874 559 938 quos
574 854 684 938 inopiis
693 874 792 940 vagos
802 853 985 941 ingentibus
995 852 1120 938 promis

110 942 154 1005 sis
168 948 361 1024 corruperat,
373 958 461 1005 mare
471 939 667 1024 ingreditur:
689 960 737 1021 ac,
748 939 784 1003 vi
794 949 1017 1023 tempestatum
1030 939 1120 1020 Cyth-

110 1045 194 1090 num
207 1024 350 1090 insnlam
363 1025 521 1108 detrusus,
536 1036 568 1090 et
592 1026 735 1091 militum
755 1023 913 1107 quosdam
933 1046 975 1090 ex
995 1024 1120 1091 Oriente

111 1111 362 1178 commeantium
370 1112 490 1193 ascivit,
500 1113 553 1176 vel
565 1114 742 1177 abnuentes
753 1110 889 1175 interfici
900 1109 1006 1194 jussit,
1016 1123 1047 1175 et
1056 1129 1120 1193 spo

110 1197 196 1261 liatis
210 1195 469 1283 negotiatoribus,
493 1196 730 1281 mancipiorum
743 1196 999 1262 valentissimum
1019 1214 1121 1280 quem·

109 1302 174 1367 que
196 1282 341 1346 armavit.
384 1283 678 1366 centurionemque
699 1282 879 1362 Sisennam,
903 1282 1039 1363 dextras,
1054 1300 1121 1345 con·

110 1368 227 1433 cordiae
241 1368 391 1455 insignia,
406 1367 533 1451 Syriaci
547 1368 706 1434 exercitiis
716 1368 847 1432 nomine
861 1366 902 1431 ad
916 1368 1120 1432 Praetoriancs

110 1452 274 1536 serentem,
297 1453 396 1518 variis
420 1453 541 1519 artibus
566 1471 737 1540 aggressus
762 1463 830 1517 est:
852 1453 955 1518 donec
980 1453 1119 1529 Sisenna,

110 1540 198 1606 clam
211 1539 322 1604 relicti
342 1537 458 1618 insule,
475 1539 615 1624 trepidus
638 1551 670 1604 et
683 1540 753 1606 vim
772 1550 918 1606 metuens
940 1538 1120 1623 aufugeret:

110 1624 187 1689 iude
212 1625 275 1689 late
291 1635 400 1704 terror,
415 1626 525 1689 multis
549 1624 590 1690 ad
615 1626 830 1691 celebritatem
851 1623 992 1690 nominis
1006 1622 1120 1700 erectis,

37 1732 44 1746 ·
110 1730 220 1776 rerum
234 1730 393 1776 novarum
407 1710 558 1794 cupidine
572 1720 604 1774 et
618 1710 692 1776 odio
706 1710 922 1795 praesentium.

154 1797 215 1862 IX.
238 1796 438 1861 Gliscentem
456 1797 492 1861 in
512 1796 581 1860 dies
604 1796 723 1861 lamam
743 1795 807 1860 fors
829 1795 988 1861 discussit.
1032 1793 1119 1858 Gala·

111 1882 190 1952 tiam
204 1902 242 1948 ac
257 1882 484 1966 Pamphyliam
497 1882 679 1965 provincias
702 1881 879 1964 Calpurnio
898 1882 1068 1964 Asprenati
1081 1898 1121 1942 re·

110 1968 233 2058 gendm
260 1969 363 2034 Galba
377 1969 581 2052 permiserat:
604 1967 686 2032 datae
700 1987 719 2032 e
732 1967 835 2032 classe
859 1966 1036 2032 Misenensi
1056 1965 1119 2030 due

110 2056 255 2121 triremes
270 2054 311 2118 ad
325 2054 591 2138 prosequendum,
614 2073 691 2119 cum
711 2053 830 2137 quibus
852 2053 1022 2137 Cythnum
1041 2053 1121 2119 insu·

111 2144 178 2207 lam
190 2139 302 2203 tenuit.
347 2139 417 2204 Nec
430 2137 573 2219 deluere,
594 2138 652 2222 qni
670 2139 862 2204 trierarchos
874 2139 1006 2203 nomine
1028 2138 1118 2202 Nero

110 2226 162 2291 nis
176 2225 337 2290 accirent:
359 2224 436 2287 isin
452 2224 635 2289 moestitiam
649 2224 854 2309 compositus,
874 2234 906 2287 et
921 2224 1036 2289 ‘iidem
1055 2238 1121 2286 suo

110 2332 185 2378 rum
198 2309 363 2393 quondam
384 2310 532 2375 militum’
546 2311 712 2390 invocans,
736 2317 789 2375 ‘ut
810 2330 886 2375 eum
904 2309 938 2375 in
962 2309 1058 2394 Syriis
1072 2312 1120 2371 aut

111 2397 242 2483 Egypto
256 2395 420 2476 sisterent,’
434 2397 550 2460 orabat
594 2395 782 2461 Trierarchi
797 2406 957 2478 nutantes,
972 2394 1121 2470 seudolo,

111 2481 342 2565 ‘alloquendos
353 2481 413 2544 sibi
428 2480 553 2561 milites,
569 2491 601 2545 et
614 2481 732 2566 paratis
742 2481 887 2547 omnium
898 2481 1014 2547 animis
1026 2496 1120 2545 rever·

109 2569 220 2647 suros?
236 2567 454 2632 firmaverunt.
498 2566 563 2632 Sed
588 2568 757 2650 Asprenati
780 2577 898 2633 cuncta
911 2589 953 2641 ex
968 2567 1032 2632 lide
1047 2582 1120 2631 nun·
1170 2600 1172 2645 p

110 2653 208 2718 tiata:
231 2652 326 2734 cujus
339 2652 558 2716 cohortatione
571 2665 758 2738 expugnata
778 2653 880 2735 navis,
897 2664 930 2717 et
944 2652 1120 2718 interfectus
1137 2668 1143 2683 ·

106 2739 253 2822 quisquis
266 2739 406 2802 illeerat.
450 2737 585 2820 Corpus,
596 2738 725 2824 insigne
740 2739 843 2803 oculis
858 2739 1014 2823 comaque
1025 2750 1056 2803 et
1066 2748 1119 2800 tor·

108 2826 208 2889 vitate
230 2823 349 2904 vultis,
370 2824 406 2888 in
433 2822 546 2888 Asiam
568 2833 664 2908 atque
688 2823 764 2890 iude
787 2825 924 2892 Romam
945 2834 1122 2909 pervectum

109 2922 195 3064 anx
217 2996 257 3060 ln
273 2993 401 3060 civitate
415 2992 563 3075 discordi,
577 3004 609 3059 et
629 2995 670 3060 ob
684 2996 809 3063 crebras
823 2994 1015 3078 Principum
1029 3003 1120 3061 muta·

108 3082 222 3164 tiones,
238 3082 321 3146 inter
337 3081 514 3145 libertatem
537 3099 574 3145 ac
599 3080 764 3148 licentiam
785 3081 914 3163 incerti,
929 3101 1039 3166 parvae
1054 3098 1120 3166 quo

107 3186 173 3251 que
188 3187 239 3231 res
255 3166 381 3251 magnis
396 3166 535 3229 motibus
559 3167 746 3252 agebantur.
789 3167 901 3233 Vibius
922 3167 1065 3252 Crispus,
1078 3182 1121 3249 pe·

108 3252 216 3333 cunii,
232 3252 383 3335 potentia,
405 3251 537 3335 ingenio
560 3253 643 3316 inter
666 3255 770 3318 claros
794 3252 905 3339 magis,
927 3254 1026 3336 quiem
1049 3255 1120 3318 inter

108 3339 221 3417 bonos,
236 3337 383 3401 Annium
398 3337 566 3417 Faustum,
582 3337 749 3421 Equestris
767 3339 898 3418 ordinis,
913 3339 970 3420 qui
985 3333 1121 3423 tempori-

108 3423 170 3487 bus
186 3422 326 3487 Neronis
337 3422 512 3486 delationes
523 3422 730 3507 factitaverat,
746 3424 787 3489 ad
803 3424 1021 3511 cognitionem
1034 3427 1120 3491 sena·

109 3510 159 3574 tiss
174 3507 319 3572 vocabar
362 3507 446 3572 Nam
460 3509 582 3587 recens,
599 3508 710 3574 Galba
726 3510 925 3593 Principatu,
940 3509 1120 3574 censuerant

109 3594 229 3673 Patres,
256 3597 313 3653 ‘ut
328 3602 550 3656 accusatorum
565 3612 671 3656 causae
696 3597 927 3661 noscerentur)
971 3596 1010 3660 Id
1034 3598 1120 3661 Sena·

107 3675 347 3742 tlrseonsultnm
368 3675 455 3742 sarie
474 3675 633 3757 jactatum
654 3690 694 3764 et,
717 3690 811 3764 prout
830 3691 944 3766 potens
962 3683 1015 3749 vel
1038 3683 1120 3761 inops
