2392 4050
895 3 1173 124 '

158 245 225 315 Μ
565 253 763 323 Annsnnrx
784 273 786 278 ’
981 257 1034 347 [U.
1048 259 1081 325 G.
1092 257 1156 325 825.

159 422 221 484 soll
234 424 305 486 lucri
318 424 475 505 privetique
489 428 640 489 commodi.
651 428 784 509 cupidine
801 427 979 509 flagrantem.
1022 434 1058 493 Ar
1068 452 1153 512 gnum

158 522 176 564 s
188 507 364 585 principibus
378 507 414 570 ed
433 508 552 587 populos
565 510 635 569 vitis
647 511 856 584 descendiss03
876 512 1050 574 invidiosum
1060 532 1150 572 mom·

156 603 213 663 que
231 588 307 659 lore,
330 588 367 661 si,
389 590 549 667 vigentibus
570 591 731 669 principum
756 591 843 664 vitiis,
864 594 1011 670 publicam
1028 611 1149 654 censuram

156 677 287 759 tentsret,
301 670 336 728 eb
346 670 410 748 ipso
419 670 547 750 principe
562 671 732 731 emendandi
744 672 856 732 initium
865 673 943 733 iecit.
989 674 1150 735 Circumire

156 747 243 826 igitur
254 750 428 829 principetds
440 750 613 823 libidinibus,
626 770 687 829 quc
699 771 755 812 usu
767 752 799 812 in
821 752 967 832 dignitatis
987 769 1110 815 neuram
1121 772 1154 814 u·

156 840 325 922 pamentare
339 843 511 925 ccesserunt,
526 833 561 926 ‘id
580 833 705 892 maxime
719 851 758 892 ex
772 835 935 893 auctoritate
948 837 1103 916 usurpavit,
1113 853 1156 912 roo

155 908 857 1083 rppppplpgppqppppnppmpuffipppmffl
866 993 896 1053 ru
907 993 1034 1068 ruso,
1043 995 1149 1072 rao·

154 1088 186 1131 ur
198 1070 287 1130 hortis
302 1070 497 1132 Selltutiaois:
519 1093 574 1133 nec
590 1074 667 1133 fores
680 1093 700 1132 a
720 1074 888 1133 satellitibus
907 1076 1050 1149 obsessos,
1067 1074 1149 1134 sedis

152 1151 219 1213 cilis
234 1152 326 1211 cuivis
340 1151 441 1213 editus.
482 1154 579 1213 Amoti
592 1154 678 1213 etism
698 1172 837 1214 annorum
859 1166 1046 1229 scrutatores,
1059 1172 1150 1233 quom

152 1249 223 1294 usus
244 1232 451 1312 subprioribus
468 1234 654 1313 principibus,
677 1245 707 1293 et
725 1235 799 1294 inter
816 1234 943 1296 civilium
966 1237 1152 1297 discordium

114 1375 124 1394 ,
152 1327 246 1377 motus
259 1313 424 1375 invaluerat.
465 1314 651 1374 Conscientil
670 1325 756 1386 tutus,
770 1315 874 1375 ceteris
887 1319 1074 1377 securitatem
1092 1314 1153 1375 addi·

152 1397 202 1467 dit,
213 1395 332 1454 sublatis
345 1396 502 1473 majestatis
514 1395 688 1455 criminibus.
729 1397 764 1455 lu
774 1395 829 1454 hec
838 1397 953 1474 publicu
960 1398 1152 1475 tranquillitate,

150 1476 324 1557 principatds
337 1476 434 1535 munia
446 1474 525 1535 obire
538 1476 678 1554 oceoepit3
698 1477 833 1535 mamrius
847 1496 972 1554 semper,
987 1498 1025 1540 ac
1038 1480 1073 1538 de
1085 1488 1152 1536 nocte

150 1557 229 1637 vigil,
250 1555 386 1635 epistolas
399 1556 610 1634 officiorumque
624 1556 749 1616 omnium
763 1556 901 1616 breviaria
913 1559 1082 1637 perlegere:
1101 1574 1152 1617 mr

150 1640 260 1698 amicos
281 1636 437 1709 admittere,
450 1647 480 1697 et
496 1638 570 1696 inter
593 1638 775 1696 salutantium
794 1638 931 1714 obsequia
952 1639 1086 1698 calceare
1102 1638 1151 1714 ipse

150 1738 218 1779 sese
232 1728 262 1779 et
274 1718 409 1779 amicire:
429 1728 494 1797 poet
506 1718 537 1777 in
550 1730 652 1780 senatu
671 1717 707 1777 de
720 1718 865 1795 republici
886 1720 1061 1791 consultare,
1073 1718 1114 1776 vel
1128 1717 1151 1775 io

150 1799 211 1860 loro
221 1801 269 1880 jus
283 1798 397 1858 dicere:
419 1798 540 1858 remisso
552 1798 620 1857 inde
633 1798 777 1875 pardulmn
790 1798 894 1869 animo,
908 1798 1007 1859 facilis
1021 1800 1149 1874 civitem

149 1901 215 1942 cum
226 1875 403 1941 senatoribus
417 1880 546 1955 allisque,
556 1898 609 1937 seu
622 1878 708 1950 domi,
722 1897 775 1937 seu
787 1878 857 1938 soris
868 1897 965 1939 crena:
987 1900 1073 1957 quarn
1081 1894 1149 1956 super

145 1962 247 2042 jocosa
261 1971 290 2019 et
302 1961 454 2040 indulgens
465 1960 603 2019 hilaritas.
644 1958 703 2018 Hic
717 1960 876 2018 communis
890 1960 955 2019 vita
970 1972 1061 2020 tenor.

189 2042 300 2102 XLIX.
321 2041 442 2113 Eadem,
455 2051 485 2100 et
504 2041 589 2100 anxia
606 2041 709 2118 magis,
731 2059 801 2118 erga
819 2040 925 2100 liberos
938 2061 1021 2114 cura,
1036 2038 1147 2100 cumrei·

147 2124 268 2202 publice
282 2140 387 2194 amore,
397 2134 456 2181 tum
466 2122 564 2181 demtis
578 2121 678 2200 glorie
720 2120 874 2181 Paternum
886 2121 966 2181 enim
979 2123 1101 2181 animum
1110 2137 1147 2178 au·

143 2204 231 2282 'gebat
252 2202 440 2275 Domitianus,
463 2202 617 2281 prescroce
637 2201 742 2271 indole,
764 2211 793 2259 et
806 2201 836 2260 in
853 2220 954 2260 omnes
973 2203 1090 2263 fortune
1101 2217 1145 2259 suc

145 2283 278 2343 libidines
292 2301 437 2362 preceps:
460 2293 618 2360 cumpater
635 2282 765 2359 priuatim
784 2282 1037 2360 objurgationibus,
1053 2283 1081 2341 io
1091 2280 1144 2359 pub

145 2364 203 2424 lico
212 2363 365 2424 honoribus
380 2364 416 2423 ed
428 2364 546 2423 meliora
558 2363 718 2423 revocabat.
757 2361 843 2420 Titus
855 2362 944 2440 patris
959 2363 1081 2434 delicio,
1092 2377 1143 2438 spes

24 2476 27 2503 r
145 2446 332 2524 columenque
351 2445 480 2524 imperii:
502 2445 565 2522 ipse
584 2455 681 2502 tameo
703 2441 835 2518 inquiete
855 2442 941 2501 etiam
962 2440 1142 2503 sollicitudini·

144 2546 241 2599 censa,
254 2546 312 2586 non
326 2524 471 2605 suspicaci
483 2524 621 2603 principis
640 2523 756 2601 ingenio
770 2522 813 2601 (id
825 2523 902 2581 enim
915 2523 979 2583 vitii
992 2544 1011 2583 a
1024 2520 1141 2602 generosi

143 2618 239 2667 mente
253 2607 361 2685 aberat)
381 2605 434 2665 sed
446 2605 604 2665 recentium
617 2604 709 2663 adhuc
723 2604 886 2681 reipublice
898 2604 1086 2681 procellarum
1096 2617 1140 2659 ne

143 2688 241 2758 morib,
268 2698 297 2745 et
317 2687 438 2747 occultis
462 2687 659 2745 sermonibus:
695 2682 756 2744 Titi
779 2684 865 2743 fidem
885 2684 1043 2744 vacillare:
1063 2682 1139 2742 sarcre

142 2767 289 2845 legiones:
323 2787 379 2827 nec
401 2766 549 2844 religione,
571 2763 625 2824 scd
648 2764 813 2842 explorendi
832 2763 942 2824 animos
968 2767 1066 2836 aaut,
1083 2762 1139 2821 ints

141 2848 243 2927 Apidis
264 2867 355 2920 sacre,
378 2847 409 2906 in
428 2847 551 2906 maximi
572 2844 693 2924 AEgypti
713 2844 886 2915 celebritate,
908 2845 991 2922 regni
1015 2843 1137 2923 cuptdwr

140 2928 220 3009 regio
232 2946 316 2989 usum
329 2927 497 2988 diedemate.
537 2927 632 2997 Titus,
642 2925 705 2985 hec
722 2926 753 2984 in
769 2926 837 2984 urbe
857 2925 982 3002 jactitari
994 2923 1135 3002 impsum.

139 3006 405 3088 quod'conscientib
422 3008 541 3087 integer,
563 3007 702 3068 festinans
720 3005 841 3065 Romam
861 3004 1059 3083 proficiscitur.
1093 3001 1136 3062 lc·

139 3092 250 3170 giones,
263 3111 325 3170 quoe
340 3089 551 3168 Hierosolyma,
565 3107 601 3147 eo
614 3086 697 3158 duce,
710 3086 853 3164 ceperant,
867 3095 915 3143 aut
924 3095 1088 3154 rennueret,
1098 3089 1134 3139 sut

139 3191 239 3249 secum
252 3192 351 3232 omnes
364 3171 469 3251 pariter
483 3169 644 3262 abduceret,
657 3167 760 3258 frustra
772 3166 905 3225 oravere:
926 3166 1023 3258 quinta
1034 3167 1063 3224 in
1075 3163 1132 3224 llo·
1160 3232 1161 3243 χ

137 3249 847 3410 ld’llltffltddditltld{tlibi
860 3240 1131 3405 istm

137 3421 166 3469 ct
179 3421 209 3469 ut
222 3429 259 3468 ex
273 3414 335 3487 ejus
348 3411 497 3489 preceptis
514 3411 551 3469 ad
563 3411 691 3481 virtutes,
703 3426 766 3486 quar
778 3407 916 3486 principis
934 3407 1022 3466 filium
1034 3405 1127 3463 deam

136 3491 329 3549 reformaret.
381 3489 558 3565 Apollonius,
590 3499 685 3548 certus
707 3507 766 3547 non
788 3487 949 3546 volucribus
971 3486 1069 3555 verbis,
1086 3476 1125 3539 sed

134 3570 221 3629 multi
234 3568 426 3646 exemplorum
440 3567 725 3645 documentommque
747 3567 923 3646 experientil
942 3567 1078 3645 principes
1092 3560 1124 3618 il·

134 3648 220 3717 stitui,
234 3648 393 3705 consulenti
405 3647 567 3722 respondit:
589 3648 759 3707 “Hostibus
778 3648 854 3707 bello
875 3648 1022 3726 superatis,
1034 3654 1123 3724 palm

132 3726 279 3783 virtutibus
295 3744 417 3802 supera:
443 3724 621 3785 Demetrium
643 3727 845 3806 philosophum
866 3727 1017 3788 ausculta''
1052 3714 1121 3784 Bnll'

132 3805 246 3875 monito,
260 3804 290 3862 in
303 3806 419 3863 virtutes
433 3803 573 3876 t'oecundo,
584 3806 719 3880 imbutus,
735 3827 849 3868 cursum
859 3807 1008 3880 celererit3
1025 3810 1121 3883 sputo
