2392 4050
89 205 156 275 236
345 217 354 231 ’
439 210 478 277 0.
493 210 606 277 Gonu·
622 211 760 279 Tacrrr

88 377 252 480 indigenae
263 398 305 445 an
314 379 453 461 advecti,
467 392 505 447 nt
515 383 598 448 inter
610 384 770 465 barbaros,
781 395 896 469 parurn
907 397 1119 470 compertum*

88 464 228 531 Habitus
245 486 285 531 co
345 483 419 531 rum
433 468 536 536 varii:
559 478 656 553 utque
669 490 713 533 ex
731 490 771 534 eo
793 481 1007 555 armamenta:
1029 490 1116 534 nam·

111 567 154 615 ue
167 550 273 617 rutile
317 551 500 617 aicdoniam
519 554 737 620 habitantium
758 574 869 635 coma,
891 556 1004 637 magni
1017 567 1115 634 artus,

142 636 695 722 rmarrieamoriginernasseverant
740 639 887 705 Silurum
900 640 1037 704 colorati
1049 642 1117 703 vul·

88 728 143 785 tus
156 731 190 786 et
203 720 277 785 torti
301 722 493 805 plerumque
512 723 629 802 crinea,
651 735 683 788 et
705 725 808 805 posita
822 732 934 787 contra
948 724 1117 807 Hispania,

88 805 197 872 Iberos
218 816 341 871 veteres
362 805 526 886 tmjecisse
551 826 672 890 easque
693 807 786 871 sedas
812 808 996 891 occupasse,
1021 809 1118 873 fidem

89 887 223 956 faciunt
268 891 415 955 Proximi
439 892 546 956 Gallis
572 903 605 955 et
628 892 752 957 similes
776 903 872 957 sunt:
897 912 956 957 seu
979 893 1117 957 durante

88 975 135 1039 ori
163 975 224 1040 'nis
238 974 281 1055 vi,
303 994 372 1054 seu,
395 976 661 1057 procurrentibus
680 977 716 1041 in
735 977 979 1058 diversaterris,
1001 976 1115 1060 positio

89 1078 139 1124 coe
153 1061 165 1123 i
179 1059 368 1142 corporibus
378 1060 527 1126 habitum
538 1060 643 1125 dedit:
661 1060 697 1125 in
708 1060 902 1126 universum
912 1072 1021 1126 tamen
1036 1064 1118 1127 aesti-

88 1145 200 1224 manti,
226 1144 341 1207 Gallos
363 1145 514 1209 vicinum
539 1147 648 1210 solum
671 1147 857 1229 occupisae,
879 1147 1036 1211 credibile
1061 1156 1116 1210 eat.

88 1228 217 1294 Eorum
234 1248 328 1293 aaut
347 1227 579 1313 deprehendas,
601 1231 868 1313 superstitionum
885 1231 1115 1315 persuasione:

87 1332 194 1379 termo
217 1312 305 1379 haud
328 1315 466 1379 multum
491 1313 650 1393 diversus,
672 1315 706 1379 in
729 1315 940 1399 deposcendis
961 1315 1117 1399 periculis

87 1398 203 1462 eadem
216 1397 362 1477 audacio,
384 1408 426 1477 et,
448 1398 505 1462 ubi
525 1398 696 1481 maerere,
717 1399 751 1463 in
772 1400 987 1464 detrectandis
1000 1401 1117 1464 eadem

87 1481 234 1546 formido.
293 1481 374 1545 Plus
402 1492 509 1546 tamen
533 1482 662 1547 ferociae
690 1483 840 1548 Britanni
866 1483 1054 1566 praeferunt,
1080 1496 1116 1548 ut

86 1585 169 1650 quos
183 1565 332 1631 noudum
345 1568 446 1650 longa
467 1586 532 1650 pax
553 1567 730 1631 emolierit:
753 1587 832 1633 nam
856 1570 968 1633 Gallos
981 1589 1115 1652 quoque

87 1650 124 1715 in
139 1651 231 1716 bellis
248 1650 394 1716 floruisse
413 1651 616 1734 accepimus:
639 1672 717 1716 mox
736 1652 874 1736 segnitia
895 1673 972 1717 curn
986 1653 1057 1716 otio
1069 1655 1116 1717 in·

88 1735 194 1818 travit,
210 1736 327 1802 arnimi
338 1736 456 1801 virtute
466 1734 586 1831 pariter
601 1756 640 1800 ac
655 1736 798 1801 libertate
811 1759 819 1819 3
841 1737 929 1819 quod
944 1738 1116 1801 Britanno

88 1840 163 1886 rum
177 1823 256 1890 olim
269 1821 366 1887 victis
379 1830 508 1886 evenat:
530 1820 629 1885 ceteri
650 1830 791 1902 manent,
813 1822 925 1906 quales
940 1821 1034 1885 Galli
1048 1822 1116 1887 fue·

88 1916 174 1970 runt.
883 1954 885 1957 .

131 1990 211 2056 XII.
234 1992 274 2057 In
288 1989 394 2075 pedite
409 1990 526 2056 robur:
547 1989 698 2074 quedam
711 1989 859 2055 undenas
873 1998 905 2054 ct
919 2008 1017 2054 curm
1035 2009 1116 2073 pra·

87 2075 231 2140 liantur:
253 2076 417 2140 honestior
442 2075 566 2161 auriga,
588 2075 724 2141 clientes
749 2084 965 2160 propugnant.
1020 2076 1114 2141 Olim

88 2159 233 2244 Regibus
246 2161 408 2244 parebant,
429 2178 520 2225 nunc
534 2178 590 2242 per
609 2159 775 2242 Principes
794 2159 987 2223 factionibus
1000 2170 1034 2222 et
1048 2172 1115 2222 stu·

89 2243 153 2309 diis
177 2244 370 2308 trahuntur:
392 2263 454 2310 nec
477 2243 568 2308 aliud
591 2244 743 2309 adversus
764 2244 980 2307 validissimas
998 2255 1113 2326 gentes

90 2346 151 2414 pro
165 2329 259 2394 nobis
269 2328 394 2408 utilius,
408 2335 508 2411 quam
518 2328 606 2423 qubd
616 2329 651 2392 iu
664 2347 836 2392 commune
850 2348 916 2392 non
928 2329 1114 2392 consulunt

89 2417 197 2482 Rarus
211 2414 338 2478 duabus
352 2413 496 2479 tribusve
506 2412 692 2477 civitatibus
703 2411 744 2476 ad
758 2411 1013 2495 propulsandum
1026 2432 1112 2476 com·

86 2521 187 2568 mune
208 2499 392 2585 periculum
414 2507 613 2564 conventus:
636 2497 690 2576 ita,
711 2495 791 2560 dum
812 2496 935 2582 singuli
952 2506 1110 2582 pugnant,

86 2586 233 2652 universi
247 2584 435 2649 vincuntur.
479 2583 611 2646 (ioelum
625 2581 744 2646 crebris
758 2581 915 2644 imbribus
930 2601 969 2644 ac
983 2581 1110 2644 nebulis

85 2670 230 2736 foedum:
253 2668 405 2751 asperitas
427 2667 586 2753 frigorum
605 2666 703 2729 abest.
747 2665 888 2729 chrum
906 2666 1109 2748 spatiaultra

83 2754 186 2822 nostri
197 2753 283 2817 orbis
294 2771 490 2832 mensuram,
505 2759 537 2814 et
551 2770 620 2815 nox
630 2752 719 2814 clara
732 2760 763 2812 et
778 2749 920 2813 extremi
931 2750 1109 2813 Britanniae

85 2851 174 2925 parte
189 2834 306 2916 brevis,
327 2845 364 2900 ut
379 2836 477 2901 linem
498 2844 594 2917 atque
609 2835 740 2899 initium
759 2834 843 2898 lucis
857 2834 978 2919 exiguo
997 2832 1109 2897 discri-

85 2925 175 2991 mine
195 2922 403 2988 internosces.
448 2920 567 2991 ‘Quod
586 2920 615 2984 si
629 2917 732 2985 nubes
753 2938 818 2984 non
835 2918 987 2996 officiant,
1008 2917 1107 3000 aspici

84 3019 288 3095 pernoctem
310 3006 397 3070 Solia
421 3005 593 3090 fulgorem,
614 3023 677 3068 nec
698 3004 844 3067 occidere
869 3013 901 3065 et
923 3020 1106 3087 exsurgere,

84 3094 144 3161 aad
157 3093 312 3172 transire,'
334 3091 504 3155 affirmant.
548 3088 683 3155 Scilicet
696 3098 840 3151 extrema
853 3095 884 3148 et
902 3087 1001 3168 plana
1014 3098 1107 3150 tene

84 3198 168 3258 rum,
191 3177 311 3241 humili
331 3174 454 3254 umbri,
476 3193 544 3238 non
559 3174 690 3258 erigunt
708 3173 862 3250 tenebras,
883 3170 1031 3252 intraque
1046 3190 1105 3234 cm

84 3264 157 3329 lum
170 3272 202 3325 et
216 3261 321 3325 sidera
335 3280 402 3323 nox
417 3258 512 3323 cadit.
556 3258 681 3339 Solum,
696 3265 810 3338 praeter
825 3257 931 3319 oleam
944 3256 1104 3336 vitemus

83 3357 117 3411 et
131 3356 236 3411 cetera
258 3344 466 3410 calidioribus
486 3342 582 3407 terris
604 3342 681 3405 ariri
704 3350 804 3420 sueta,
827 3338 1103 3423 patienssrugum,

83 3428 284 3496 iracundum.
329 3427 440 3492 Tarde
463 3429 646 3505 mitescunt,
669 3426 732 3489 citb
754 3424 971 3508 proveniunt:
993 3422 1103 3485 eadem

83 3513 253 3594 utriusque
279 3510 324 3574 rei
349 3528 468 3590 carisa,
481 3511 605 3575 multus
630 3512 747 3574 humor
772 3519 931 3571 terrarum
956 3507 1101 3588 coelique.

83 3597 161 3659 Fert
176 3594 346 3657 Britannia
360 3612 477 3656 aurum
497 3605 529 3657 et
550 3604 724 3678 argentum
744 3602 777 3655 et
796 3592 863 3655 alia
877 3592 1017 3669 metalla,
1037 3608 1101 3672 pre·

81 3678 168 3744 tium
180 3676 345 3742 victoria:
367 3675 473 3762 gignit
486 3685 518 3741 et
538 3677 690 3758 Oceanus
704 3676 886 3763 margarita,
907 3674 965 3740 sed
979 3672 1100 3739 suane
