2392 4050
84 246 152 313 270
437 245 474 310 G.
491 245 602 310 Cone.
620 243 759 309 Tactur

84 432 235 498 namque,
249 423 288 479 ut
300 414 399 497 paulb
413 415 488 479 anti
511 413 671 493 dicebam,
687 431 764 477 cum
786 412 971 477 conditione
991 421 1102 494 tempo

86 517 170 577 rum,
185 517 223 562 ac
237 498 423 563 diversitate
445 498 581 578 aurium,
603 496 741 560 formem
763 516 895 579 quoque
914 517 954 559 ac
974 497 1104 578 speciem

86 582 240 646 orationis
265 602 335 645 esse
361 581 563 647 mutandum.
610 581 723 643 Facile
745 580 923 663 perferebat
942 580 1023 662 prior
1050 580 1103 642 iste

85 667 236 749 populus,
258 676 297 729 ut
310 665 478 750 imperitus
492 675 524 729 et
542 663 644 744 rudis,
666 663 982 746 impeditissimarum
999 662 1105 725 oratio

83 767 166 816 num
186 751 308 833 spatia:
332 762 428 833 atque
451 750 486 813 id
507 749 616 831 ipsum
640 746 730 813 laudi
754 747 902 826 dabatur,
923 749 952 810 si
975 744 1104 809 dicendo

85 835 160 916 quis
173 835 260 899 diem
274 834 440 899 eximeret
484 835 551 898 Ista
571 833 649 897 verb
664 833 763 916 longa
784 832 1015 914 principiorum
1033 849 1105 912 pra·

86 918 220 999 paratio,
233 928 268 983 et
281 917 477 981 narrationis
488 919 552 982 alte
567 916 703 998 repetita
716 915 822 997 series,
836 927 869 979 et
880 917 1050 978 multarum
1062 912 1104 976 di·

86 1001 254 1065 tisionum
276 1002 453 1081 ostentatio,
479 1011 512 1066 et
535 1002 625 1066 mille
651 1010 918 1086 argumentorum
942 998 1105 1083 graduaet

84 1084 242 1167 quicquid
256 1085 346 1149 aliud
360 1085 551 1149 aridissimis
564 1085 772 1170 Hermagorae
784 1096 816 1148 et
828 1083 1016 1166 Apollodori
1024 1081 1104 1144 libris

86 1169 280 1253 praecipitur,
295 1169 331 1233 in
346 1170 468 1233 honore
491 1181 577 1252 erat;
600 1178 643 1248 et,
658 1169 684 1231 si
707 1167 791 1251 quis,
806 1168 958 1231 odoratus
978 1167 1106 1250 pbiloso

87 1251 209 1335 phiam,
229 1273 272 1318 ex
295 1254 334 1318 eb
360 1255 470 1318 locum
496 1254 638 1338 aliquem
662 1252 800 1316 orationi
821 1271 890 1315 sure
906 1253 1061 1328 insereret,
1074 1250 1106 1312 in

89 1338 210 1402 coelum
236 1337 387 1402 laudibus
411 1337 581 1402 ferebatur.
627 1336 697 1400 Nec
725 1336 856 1400 mirum.
899 1334 1003 1400 Erant
1027 1333 1108 1398 enim

87 1419 159 1483 bac
174 1438 261 1486 nora
274 1432 306 1487 et
320 1421 503 1509 incognita:
526 1432 558 1486 ct
567 1422 712 1505 ipsorum
721 1440 850 1504 quoque
863 1431 1026 1485 oratorum
1040 1437 1108 1500 pau·

88 1503 210 1568 cissimi
234 1516 394 1589 precepta
416 1507 592 1587 rhetorum,
616 1514 673 1569 aut
699 1505 969 1587 philosophorum
991 1504 1108 1587 placite,

89 1599 319 1673 cognoverant.
364 1592 407 1654 At
421 1590 564 1656 Hercule
578 1590 779 1676 pervulgatis
789 1591 859 1669 jam
872 1589 1033 1667 omnibus,
1043 1588 1108 1650 cina

86 1672 147 1737 vix
161 1672 197 1737 in
218 1674 339 1738 corani
359 1675 533 1756 quisquam
558 1675 694 1751 assistat,
708 1674 790 1756 quin
814 1673 982 1737 elementis
999 1671 1107 1737 studio

88 1773 174 1837 rum,
189 1757 249 1822 etsi
260 1777 327 1822 non
342 1758 531 1839 instructus,
543 1768 575 1823 at
585 1760 672 1823 certe
686 1758 833 1823 imbutus
847 1757 897 1838 sit,
913 1757 1006 1821 novis
1018 1766 1049 1820 et
1060 1774 1107 1819 ex·
1186 1766 1187 1829 ξ

88 1841 216 1923 quisitis
229 1844 421 1926 eloquentiae
432 1844 598 1907 itineribus
613 1862 696 1926 opus
707 1852 764 1922 est,
780 1860 923 1924 perque
937 1852 1042 1905 orator
1053 1839 1106 1902 sas
1186 1834 1187 1911 i

90 1924 209 1990 tidium
220 1927 504 2012 auriumeffugiat,
512 1928 626 2010 utique
637 1926 725 2009 apud
738 1944 794 1990 cos
803 1925 940 2006 judices,
949 1926 1005 2008 qui
1014 1924 1046 1987 vi
1058 1931 1106 1986 aut

89 2020 255 2093 potestate,
266 2031 333 2076 non
345 2010 419 2092 jure
430 2021 462 2076 et
473 2012 610 2098 legibus,
619 2021 830 2098 cognoscunt,
839 2021 871 2076 et
881 2030 943 2075 nec
958 2009 1106 2093 accipiunt

91 2103 245 2177 tempora,
260 2095 317 2160 sed
331 2097 542 2177 constituunt,
556 2116 618 2161 nec
632 2095 870 2179 expectandum
884 2096 1003 2159 babent
1016 2103 1105 2157 orate
1185 2161 1186 2168 χ

90 2195 170 2257 rem,
185 2178 266 2242 dum
280 2181 331 2243 illi
345 2180 442 2245 libeat
455 2181 496 2245 de
512 2182 583 2263 ipso
597 2182 727 2267 negotio
738 2180 856 2261 dicere,
871 2180 928 2244 sed
937 2180 1021 2262 srepc
1031 2176 1103 2242 ultri

91 2260 267 2326 admonent
279 2273 376 2346 atque
385 2266 451 2329 alio
463 2266 753 2350 transgredientem
766 2275 921 2330 revocant
930 2274 962 2329 et
971 2263 1102 2330 festinem

91 2364 127 2410 80
142 2356 309 2412 testantur.

134 2431 215 2496 XX.
239 2431 327 2502 Quis
342 2443 430 2498 nunc
444 2434 526 2498 ferat
547 2443 708 2499 oratorem
728 2434 768 2500 de
791 2433 979 2498 infirmitate
999 2432 1101 2497 valem-

89 2513 176 2579 dinis
189 2536 259 2581 suae
274 2518 483 2600 praesentant
505 2521 619 2602 qualia
632 2530 709 2583 sunt
722 2518 788 2582 sere
803 2518 963 2601 principia
977 2512 1101 2581 Corvini.
1139 2525 1143 2531 '
1184 2527 1185 2588 ᾗ

94 2601 184 2669 Quis
208 2599 355 2683 quinque
382 2602 417 2665 in
447 2603 582 2667 Verrem
610 2605 711 2668 libms
735 2602 978 2686 expectaveritl
1028 2598 1101 2669 Quis

91 2681 133 2747 de
154 2684 344 2765 exceptione
365 2695 398 2747 et
418 2685 561 2752 farmuli
581 2687 777 2770 perpetietur
800 2687 862 2750 illa
884 2686 1101 2750 immensam

12 2811 13 2816 κ
92 2766 229 2845 lumina,
252 2784 325 2846 quae
347 2784 406 2847 pro
432 2769 479 2831 Μ.
504 2772 631 2851 Tullio,
650 2780 708 2834 aut
729 2772 768 2836 A.
795 2769 930 2834 Caecina
946 2763 1097 2855 legimusl
1183 2777 1184 2788 ¹

91 2852 268 2917 Praecurrit
282 2849 345 2913 hoc
356 2858 498 2933 tempore
508 2853 612 2932 judex
626 2855 788 2918 dicentem
806 2864 848 2934 et,
862 2854 927 2918 nisi
947 2864 1003 2919 aut
1016 2865 1098 2916 cursu
1181 2915 1182 2928 ,

91 2955 128 3001 ar
174 2944 367 3013 mentorum,
393 2944 451 2997 aut
475 2938 583 3000 colore
609 2939 853 3018 sententiarum,
877 2950 934 3002 aut
957 2938 1099 3002 nitoreet

93 3040 135 3086 cu
151 3030 187 3084 tu
201 3019 455 3101 descriptionum
475 3019 633 3084 inritatus
646 3030 679 3083 et
693 3029 863 3101 corruptus
885 3030 943 3101 est,
957 3026 1100 3086 aversum

12 3123 13 3126 ’
93 3105 264 3170 dicentem.
309 3104 438 3189 Vulgus
453 3123 582 3188 quoque
593 3104 813 3168 assistentium
828 3113 860 3166 et
873 3105 1010 3170 affluens
1022 3113 1099 3165 etra-

92 3207 155 3275 gus
171 3187 300 3251 auditor
314 3189 458 3253 assuevit
468 3189 538 3269 jam
551 3189 684 3274 exigere
698 3188 842 3252 laetitiam
865 3198 898 3251 et
911 3181 1099 3271 pulchritudi·
1182 3261 1183 3270 ἵ

12 3349 13 3355 ¹
92 3292 170 3339 nem
184 3270 360 3352 orationis;
384 3291 447 3336 nec
471 3273 575 3358 magis
600 3272 719 3355 perfert
741 3272 776 3335 in
788 3270 921 3353 judiciis
944 3271 1056 3334 tristem
1075 3274 1099 3327 el

92 3356 259 3450 imperem
273 3355 506 3438 antiquitatem,
520 3359 619 3440 quim
632 3357 660 3420 si
674 3357 749 3439 quis
769 3356 805 3420 in
825 3356 922 3421 scena
941 3352 1043 3418 Roscii
1054 3356 1098 3413 aut

93 3437 272 3532 Torprorris
286 3438 429 3501 Ambivii
444 3441 626 3522 exprimere
639 3450 752 3588 ἕοεῑυε
766 3440 854 3506 velit.
899 3441 972 3506 Jam
982 3436 1050 3502 verb
1058 3433 1099 3525 ju5

92 3538 202 3598 venes,
216 3540 251 3582 m
267 3519 337 3600 ipat
357 3521 541 3586 studiorum
561 3526 638 3588 ineu
663 3544 681 3587 e
704 3525 809 3608 positi,
823 3524 882 3607 qui
897 3522 1046 3607 profectis
1057 3533 1097 3580 sut
1181 3585 1182 3588 ,

12 3603 14 3619 '
92 3602 192 3663 causa
207 3611 348 3664 oratores
362 3613 536 3685 sectantur,
550 3625 620 3671 non
641 3608 749 3672 sellim
760 3607 882 3688 audire,
894 3606 951 3673 sed
964 3606 1052 3671 etiam
1062 3618 1098 3664 ie

92 3679 177 3745 ferre
187 3683 323 3748 domum
336 3683 461 3767 aliquid
474 3688 600 3774 illustre
617 3700 652 3760 et
664 3690 806 3780 dignum
820 3691 973 3758 memorii
983 3691 1098 3755 uolunt:
