2392 4050
108 208 151 273 56
452 164 489 271 C.
505 208 615 274 Coau.
632 203 768 276 Taeter
929 208 980 298 [A.
997 207 1036 273 U.
1051 207 1121 276 822.
1179 199 1180 246 t

109 400 236 447 mensas
265 380 412 465 lapidum
433 401 472 446 ac
491 379 616 464 plumbi
636 380 771 464 arisque
794 379 904 461 moles,
933 380 1122 467 perfringen·
1179 379 1180 454 J

108 467 161 530 dis
175 468 415 550 obruendisque
429 466 584 547 hostibus,
603 466 789 548 expediunt.
834 467 1004 551 Utrimque
1018 466 1122 550 pudor,
1179 535 1180 540 γ

110 554 272 637 utrimque
288 555 400 638 gloria,
408 562 441 615 et
450 552 585 616 diversae
595 552 843 631 exhortationes,
854 553 932 617 hinc
948 554 1123 638 ‘legionum

109 648 141 702 et
156 638 343 703 Germanici
366 636 523 703 exercitiis
546 638 664 715 robur,’
687 637 762 701 inde
789 638 940 702 ‘urbanae
962 638 1079 701 militie
1092 646 1122 698 et
1179 647 1180 700 1

111 723 338 789 Pretoriarum
353 722 533 789 cohortium
547 721 655 786 decus’
669 723 906 787 attollentium:
928 724 976 788 illi
993 731 1047 786 ‘ut
1060 742 1123 807 seg·
1179 729 1180 804 ,

110 829 186 875 nem
207 829 245 874 ae
259 808 402 872 desidem
421 818 453 872 at
467 810 552 873 circo
568 828 605 872 ac
620 807 752 871 theatris
766 818 953 892 corruptum
968 809 1098 872 militem
1107 807 1125 888 ;’

110 895 146 957 hi
170 902 245 978 ‘per
303 894 396 959 inum
415 905 447 959 et
460 894 642 958 externum’
664 892 888 975 increpabant:
911 896 1008 958 simul
1031 894 1125 957 Otho·

110 1000 187 1046 nem
207 915 444 1062 acegriteuium’
469 980 667 1044 celebrantes
688 981 906 1070 culpantesve,
927 980 1124 1045 uberioribus

110 1066 192 1130 inter
206 1086 240 1130 se
254 1065 377 1150 probris
391 1072 491 1148 quam
505 1065 656 1129 laudibus
671 1065 928 1131 stimulabantur.

84 1213 91 1225 ,
153 1149 266 1216 ΧΧΙΙ.
289 1151 354 1215 Vix
368 1150 448 1215 dum
462 1163 532 1215 orto
551 1150 613 1230 die,
636 1150 732 1233 plena
746 1152 1036 1238 propugnatoribus
1051 1170 1123 1214 mm·
1179 1149 1180 1160 ’

109 1236 183 1302 nia:
206 1236 367 1323 fulgentes
389 1237 486 1301 armis
507 1238 649 1320 virisque
670 1237 784 1319 campi,
806 1236 943 1302 densum
966 1237 1124 1323 legionum

110 1342 237 1407 agmen,
252 1342 363 1406 sparsa
373 1321 571 1388 auxiliorum
587 1341 712 1402 maniis,
728 1320 842 1386 altiora
856 1341 1023 1387 murorum
1035 1321 1125 1405 sagit-

110 1410 150 1472 tis
164 1418 221 1472 aat
243 1408 330 1471 saxis
352 1407 530 1472 incessere:
553 1409 701 1493 neglecta
722 1418 778 1471 aut
793 1427 863 1472 aevo
878 1407 968 1472 fluxa
982 1408 1125 1472 cominus

109 1493 261 1580 aggredi:
284 1493 436 1580 ingerunt
449 1491 586 1576 desuper
610 1492 787 1557 Othoniani
806 1494 880 1576 pila,
897 1494 1012 1557 librato
1026 1491 1123 1577 magis

108 1590 141 1641 et
151 1589 237 1642 certo
248 1578 480 1660 ictu,adversits
491 1578 787 1642 temeresubeuntes
799 1580 945 1642 cohortes
955 1580 1124 1643 Germano·

110 1677 192 1744 rum,
208 1673 305 1728 cantu
320 1663 412 1744 truci,
434 1674 466 1726 et
485 1682 572 1728 more
596 1664 698 1747 patrio
713 1663 809 1727 nudis
824 1664 1018 1747 corporibus,
1033 1681 1126 1747 super

110 1750 262 1814 humeros
277 1759 368 1813 scuta
381 1749 603 1832 quatientium.
647 1748 869 1834 Legionarius‚
886 1750 1003 1832 pluteis
1017 1760 1049 1812 et
1063 1768 1125 1812 cra·

109 1835 196 1902 tibus
221 1844 333 1915 tectus,
360 1836 485 1899 subruit
509 1854 629 1914 muros,
654 1833 784 1899 instruit
809 1854 968 1920 aggerem,
996 1835 1121 1898 molitur

111 1931 227 2004 portas.
272 1922 391 1986 Contri
413 1921 596 1986 Praetutiani
622 1920 790 2004 dispositos
815 1919 856 1983 ad
876 1920 910 1983 id
935 1920 1044 2003 ipsum
1064 1939 1125 1984 mo

109 2009 193 2072 lares
208 2007 332 2092 ingenti
346 2006 487 2092 pondere
508 2027 545 2072 ac
568 2006 694 2092 fragore
716 2006 928 2089 provolvunt:
951 2027 1024 2091 pars
1038 2006 1125 2069 sube

110 2093 241 2157 nntium
255 2093 380 2174 ob'ruti;
403 2112 476 2175 pars
491 2092 612 2157 confixi
627 2104 659 2157 et
669 2111 857 2178 exsangues,
872 2102 927 2155 aru
937 2092 1044 2173 laceri,
1055 2094 1121 2156 oiim

110 2189 242 2263 augeret
260 2188 399 2263 stragem
418 2176 594 2261 trepidatio,
616 2177 718 2261 adque
733 2176 835 2242 acriiis
849 2197 867 2240 c
883 2178 1043 2242 moenibus
1058 2177 1123 2242 vnl-

110 2273 307 2345 nerarentur,
323 2262 453 2343 rediere,
475 2262 611 2327 infracti
630 2264 770 2347 partium
791 2262 886 2328 fami.
929 2263 975 2326 Et
989 2264 1123 2339 Caecina,

109 2347 232 2432 pudore
247 2359 358 2432 coeptae
379 2349 497 2412 temere
518 2348 776 2436 oppugnationis,
792 2369 833 2412 na
848 2349 958 2413 irrisus
974 2368 1011 2412 ac
1026 2364 1124 2412 vanus

110 2433 225 2498 iisdem
238 2435 351 2498 castris
364 2434 524 2514 assideret,
540 2434 672 2516 trajecto
696 2453 807 2498 rursus
821 2434 918 2515 Pado,
935 2435 1122 2498 Cremonam

110 2526 217 2604 petere
241 2520 387 2585 intendit.
432 2519 609 2586 Tradidere
628 2539 697 2583 sese
720 2519 850 2584 abeunti
866 2519 1027 2584 'l'urulius
1043 2518 1142 2583 Ceri·-

110 2606 171 2670 alis
186 2625 264 2670 cum
278 2606 496 2689 compluribus
511 2607 664 2688 classicis,
678 2615 709 2669 et
719 2606 826 2670 Julius
837 2604 1043 2689 Briganticus
1053 2623 1122 2668 curn

110 2692 224 2775 paucis
239 2691 402 2774 equiturn:
424 2691 479 2756 hic
501 2692 673 2756 Praefectus
695 2692 762 2771 alae,
786 2691 821 2754 in
836 2691 966 2755 Batavis
981 2690 1122 2776 genitus,

111 2779 167 2842 ille
182 2777 397 2860 Primipilaris'
406 2787 438 2841 et
452 2778 588 2842 Caecinae
603 2776 692 2842 haud
703 2776 838 2858 alienus,
850 2775 936 2860 quod
951 2775 1079 2840 ordines
1091 2774 1120 2836 in

113 2862 289 2928 Germania
303 2862 448 2927 duxerat.

59 2948 63 2953 ’
154 2946 284 3014 XXIII.
306 2948 480 3033 Spurinna,
500 2959 661 3033 comperto
675 2947 950 3027 itinerehostium,
965 2947 1121 3013 defensam

112 3036 319 3115 Placentiam,
340 3052 474 3119 qumque
488 3045 567 3114 aeta,
589 3044 621 3098 et
641 3034 719 3118 quid
734 3034 864 3098 Caecina
877 3041 1011 3115 pararet,
1026 3033 1120 3100 Anni·

110 3141 170 3185 um
184 3121 318 3186 Gallum
338 3139 394 3202 per
410 3123 515 3186 literas
530 3119 631 3185 docet.
676 3121 792 3184 Gallus
815 3119 976 3204 legionem
989 3121 1119 3202 primaru

111 3207 147 3270 in
161 3205 322 3272 auxilium
337 3206 509 3270 Placentia
523 3205 668 3285 ducebat,
682 3205 806 3269 diffisus
817 3205 977 3288 paucitate
992 3204 1119 3270 cohorti-

109 3311 179 3373 um,
199 3311 240 3355 ne
259 3292 386 3376 longiis
400 3290 561 3355 obsidium
574 3302 606 3354 et
620 3293 686 3356 vim
702 3290 888 3355 Germanici
902 3291 1060 3357 exercitiis
1073 3312 1119 3377 pa·

112 3397 186 3443 rum
207 3378 400 3442 tolerarent:
421 3376 478 3439 ubi
504 3379 637 3457 pulsum
662 3377 825 3441 Caecinam
843 3396 975 3463 pergere
997 3379 1118 3443 Cremo-

112 3481 188 3526 nam
202 3463 333 3545 accepit,
358 3462 441 3547 aegre
467 3463 640 3526 coercitam
661 3462 831 3547 legionem,
853 3471 884 3525 et
898 3466 1065 3545 pugnandi
1078 3482 1118 3527 ar·

111 3546 188 3608 dore
203 3565 305 3629 usque
319 3545 360 3610 ad
374 3546 561 3610 seditionem
575 3566 782 3634 progressam,
798 3548 942 3612 Bedriaci
957 3548 1049 3613 sistit.
1073 3551 1117 3615 ln·

19 3665 20 3677 ,
112 3640 160 3691 ter
177 3629 335 3694 Veronam
350 3632 604 3714 Cremonamque
627 3635 707 3696 situs
729 3647 777 3695 est
802 3634 904 3714 vicus,
920 3632 1046 3701 duabus
1058 3638 1117 3718 jam

19 3764 20 3769 ,
112 3711 267 3776 Romanis
287 3714 432 3780 cladibus
456 3726 552 3780 notus
573 3715 806 3802 infaustusque.
849 3718 969 3785 lisdem
982 3720 1120 3791 diebusa
