2392 4050
127 119 170 186 78
471 118 509 183 O.
524 120 635 186 eona.
651 118 787 184 'orem
946 117 1000 209 [A.
1015 116 1054 184 tt.
1068 117 1137 184 822.

129 290 210 355 alias
233 293 368 377 protulit
389 312 521 358 causas:
552 301 694 376 actaque
718 292 850 375 insuper
872 289 1003 358 Vitellio
1027 290 1137 377 gratia,

54 417 57 422 <
131 377 364 444 consuetudine
376 376 508 444 servitii.

81 406 126 525 δῖ
173 464 315 532 LXXII.
338 465 413 532 Non
427 466 513 528 ultra
527 481 648 547 paucos
660 461 740 543 dies,
757 480 944 544 quanquam
960 463 1082 528 acribus
1095 461 1137 524 in-

130 549 184 614 tiis
212 561 364 634 creptum,
393 548 601 614 mendacium
629 548 741 612 valuit.
802 546 980 613 Exstiterat
1007 546 1136 633 quidam,

131 632 1061 713 ‘ScribonianumseCamerinumfcrens,Neronianorum
1071 643 1137 697 tem·

42 725 46 731 ’
132 740 250 806 porum
271 731 360 787 metu
374 721 410 785 in
423 719 518 786 latria
532 720 740 799 occultatum,
761 718 847 802 quod
870 719 937 785 illic
951 720 1099 784 clientelae
1111 729 1150 780 et.

133 807 203 893 agri
217 816 363 872 veterum
374 808 564 874 Crassorum
577 824 616 869 ac
625 803 766 870 nominis
776 802 866 868 favor
879 805 1046 870 manebat.²
1085 802 1139 889 lgi-

133 903 186 957 tur
207 891 377 957 deterrimo
398 911 526 980 quoque
548 890 583 954 in
608 899 835 977 argumentum
856 889 974 956 fabulae
999 899 1137 968 assumto,

132 978 254 1064 vulgus
268 977 439 1044 credulum
448 989 481 1041 et
491 975 624 1059 quidam
637 974 787 1054 militum,
802 994 908 1039 errore
923 975 1002 1055 veri,
1016 995 1071 1040 seu
1084 984 1139 1038 tur·

133 1063 248 1128 barum
269 1062 385 1160 studio,
407 1061 553 1127 certatim
578 1062 856 1146 aggregabuntur:
878 1061 952 1126 cum
977 1071 1139 1145 pertractus

134 1147 176 1212 ad
190 1147 358 1218 Vitellium
373 1155 658 1243 interrogatusque,
673 1148 841 1230 ‘quisnam
851 1147 1040 1211 mortalium
1052 1144 1138 1224 esset'

135 1242 303 1318 postquam
317 1235 411 1299 nulla
424 1233 518 1298 dicus
533 1231 622 1311 fides,
637 1240 670 1293 et
684 1252 703 1294 a
717 1229 848 1296 domino
863 1232 1064 1311 noscebatur,
1079 1249 1142 1295 con·

134 1317 256 1384 ditione
270 1317 435 1406 fugitivus,
450 1317 581 1383 nomine
603 1316 701 1397 Geta,
722 1328 867 1382 sumtum
888 1317 928 1383 de
942 1337 982 1382 eo
1002 1314 1141 1402 supplici·

134 1423 193 1469 um
206 1405 357 1469 servilem
371 1404 405 1468 in
420 1402 562 1468 modum
632 1439 639 1460 ·
935 1432 954 1478 ς

179 1490 339 1556 LXXIII.
362 1489 426 1554 Vix
440 1486 594 1552 credibile
610 1497 787 1568 memmatu
803 1495 858 1567 est,
873 1496 1034 1571 quantum
1047 1479 1142 1570 rupei-

134 1574 197 1639 bia
220 1574 439 1660 socordiaeque
460 1572 590 1638 Vitellio
613 1571 794 1652 arbleverit,
818 1585 989 1656 postquam
1011 1573 1141 1656 specula·

137 1670 221 1725 tores
235 1680 254 1725 e
268 1659 365 1744 Syriis
386 1659 492 1726 Iudae*
517 1677 568 1738 ue,
590 1659 757 1723 ‘adactum
780 1657 813 1722 in
830 1660 928 1723 verba
947 1657 1018 1742 ejus
1042 1658 1141 1723 Orien·

136 1747 211 1824 tern'
240 1745 439 1814 nuntiavere.
529 1764 590 1825 am,
617 1744 677 1808 etsi
709 1741 801 1827 vagis
830 1742 938 1808 adhuc
966 1754 998 1808 et
1026 1742 1141 1808 incertis

138 1832 332 1913 auctoribus,
350 1843 417 1897 erat
431 1843 538 1895 tamen
561 1829 594 1892 in
618 1849 672 1893 ore
695 1827 842 1913 famique
866 1828 1089 1912 Vespasianus,
1111 1845 1141 1890 ac

57 1973 63 1980 .
137 1917 327 2002 plerumque
347 1918 388 1984 ad
410 1935 529 1982 noman
550 1915 621 1995 ejus
643 1915 792 1979 Vitellius
811 1912 1018 1979 excitabatur.
1062 1914 1141 1979 Tum

138 2003 216 2089 ipse,
226 2002 459 2087 exercitusque,
470 2010 507 2067 ut
518 2002 748 2091 nullqarmulo,
759 1999 891 2083 sevitia,
903 2000 1043 2083 libidine,
1053 2009 1141 2086 raptu,

100 2114 117 2147 a
138 2089 174 2154 in
188 2098 336 2153 externos
350 2107 453 2153 mores
466 2097 683 2170 proruperant.

121 2168 128 2183 ’
182 2172 332 2239 LXXIV.
354 2174 399 2238 Et
420 2173 635 2257 Vespasianus
659 2172 781 2237 bellum
803 2190 962 2256 armaque,
986 2182 1018 2236 et
1036 2167 1139 2256 ¹procul
1171 2178 1173 2231 l

138 2257 191 2322 vel
212 2256 305 2339 juxti
326 2258 401 2323 sitas
423 2258 517 2341 vires,
541 2257 833 2342 circumspectabat.
876 2257 971 2322 Miles
993 2257 1055 2341 ipsi
1075 2254 1139 2320 adei

137 2354 277 2428 paratus,
306 2354 343 2408 ut
363 2353 559 2427 preeuntem
581 2353 826 2422 sacramentum,
852 2353 883 2407 et
901 2342 1005 2408 fausta
1025 2343 1139 2408 Vitellio

137 2428 247 2494 omnia
259 2441 452 2514 precantem,
467 2449 523 2512 per
536 2428 701 2493 silentium
715 2426 882 2491 audierint.
925 2427 1071 2493 Muciani
1085 2423 1139 2490 ani·

138 2534 211 2580 mus
224 2534 286 2578 nec
300 2514 495 2598 Vespasiano
510 2515 644 2592 alienus,
658 2524 690 2575 et
704 2512 738 2575 in
754 2512 872 2577 Titum
887 2513 1027 2596 pronior.
1071 2514 1139 2577 Pra

139 2599 243 2666 fectus
258 2600 403 2686 AEgypti‚
419 2599 571 2664 Tiberius
593 2596 786 2677 Alexander,
812 2598 946 2663 consilia
966 2599 1138 2662 sociaverat.
1172 2614 1173 2619 ¹

24 2690 25 2774 ζ
140 2686 287 2751 Tertiam
312 2687 480 2772 legionem,
504 2685 591 2768 qubd
606 2705 624 2748 e
639 2683 735 2767 Syria
761 2682 792 2746 in
812 2684 960 2751 Moesiam
981 2684 1138 2757 transisset,
1172 2760 1173 2763 Ἴ

24 2787 25 2843 3
138 2790 233 2836 suam
257 2773 466 2836 numerabat:
488 2784 600 2837 ceterae
620 2768 743 2852 Illyrici
759 2769 900 2856 legiones
914 2782 1071 2834 secutura
1084 2785 1139 2850 spe

24 2866 26 2937 ζ
138 2858 301 2923 rabuntur.
346 2857 492 2941 Namque
515 2875 626 2922 omnes
649 2854 806 2920 exercitus
828 2854 1048 2946 flrgnmauerat
1069 2864 1138 2917 arro

24 2954 26 3015 ῑ
181 2940 788 3021 ntiarenientiumaVitelliomilitum3
804 2939 1138 3023 qubdtrucescorpore‚
1172 2962 1173 2965 ¹

139 2964 261 3094 iirridi
276 3048 431 3109 sermone,
446 3039 573 3111 ceteros,
597 3037 635 3092 ut
655 3029 801 3109 impares,
817 3026 998 3090 irridebant.
1041 3023 1138 3089 sedin
1172 3036 1173 3109 ξ

140 3114 227 3180 tanta
252 3118 337 3181 mole
360 3115 436 3180 belli
459 3117 648 3199 plerumque
672 3110 853 3175 crrnctatio:
875 3123 907 3176 et
928 3111 1137 3195 Vespasianus,
1172 3138 1173 3191 p

24 3212 28 3287 j
140 3201 235 3267 modo
263 3201 298 3265 in
329 3221 345 3263 s
385 3222 418 3265 m
445 3213 576 3282 erectus,
606 3197 780 3281 aliquando
808 3196 941 3262 adversa
969 3196 1136 3281 reputabat:

24 3308 27 3353 ξ
139 3287 247 3359 ‘Quis
262 3286 317 3351 ille
355 3286 400 3350 ies
421 3286 509 3369 foret,
531 3307 595 3369 quo
610 3283 776 3369 sexaginta
791 3281 890 3349 aetatis
913 3302 1015 3346 annos
1029 3292 1058 3346 et
1069 3278 1137 3342 duos
1171 3316 1172 3325 ,

26 3408 27 3411 π
139 3372 224 3437 filios
234 3371 372 3453 juvenes
381 3370 464 3434 bello
476 3369 691 3455 permitteret?
735 3367 816 3432 Esse
828 3368 960 3452 privatis
971 3364 1138 3452 cogitatiou-
1170 3414 1172 3441 ,

24 3503 28 3541 ,2
139 3458 212 3521 ibus
226 3473 438 3540 progressum,
452 3468 491 3534 et,
515 3467 610 3539 prout
625 3452 735 3534 velint,
756 3456 830 3536 plus
852 3453 1001 3519 minusve
1015 3448 1093 3516 sumi
1104 3462 1138 3510 ex

24 3548 28 3619 ᾖ
141 3539 306 3605 Fortuna:
329 3538 503 3618 Imperium
515 3539 719 3626 cupientibus
729 3539 813 3604 nihil
825 3540 969 3606 medium
978 3539 1059 3605 inter
1067 3546 1138 3599 surn-
1171 3568 1172 3579 κ

24 3625 29 3663 1'
140 3631 238 3690 meet
251 3621 443 3707 precipitio)
