2392 4050
70 170 106 235 A.
121 169 156 235 0.
171 169 239 259 69.]
344 168 495 234 Hieron.
510 168 589 233 Lae.
605 169 791 239 Quaeras.
1000 165 1082 231 ’149

68 343 236 426 pasionum
257 341 358 427 magis
373 340 568 406 adolevisse:
590 351 699 425 aperta
717 339 791 405 odia
811 355 962 424 armaque
975 338 1084 422 palam

67 430 202 511 depelli:
226 426 375 492 fraudem
388 438 421 491 et
443 426 556 491 dolum
580 429 725 507 obscura,
751 426 852 511 abque
874 425 1083 492 inevitabilia.

67 514 201 578 Civilem
218 525 301 578 stare
316 514 435 594 contria,
450 524 572 577 struere
586 513 708 577 aciem:
732 511 956 576 Hordeonium
966 531 986 574 e
996 511 1085 576 cubi·

67 600 137 663 culo
152 610 185 663 et
200 601 319 664 lectulo
330 598 451 680 jubere,
465 597 620 681 quicquid
642 597 726 661 hosti
741 597 910 663 conducat
954 597 1022 661 'I'ot
1036 616 1086 661 ar-

65 695 162 748 matas
177 684 424 750 fortissimorum
437 683 583 748 viromm
608 701 724 747 manus
747 685 847 748 unius
860 684 947 747 senis
961 684 1084 747 valetu-

64 768 135 834 dine
161 771 242 856 regi.
295 771 391 842 Quin
415 769 528 853 potiris,
554 769 720 833 interiecto
741 770 899 849 traditore,
921 768 1085 836 fortunam

65 855 279 940 virtutemque
305 876 399 920 snam
420 857 507 919 malo
529 855 637 917 omine
651 855 873 922 exsolverent!
916 856 977 920 His
1000 855 1084 920 inter

64 958 96 1027 sc
108 942 245 1006 vocibus
257 942 426 1005 instinctos
440 940 646 1004 flammavere
661 940 792 1023 insuper
807 942 911 1008 allate
933 962 953 1004 a
968 940 1086 1025 Vespa·

64 1026 151 1090 siano
167 1028 279 1108 literae,
293 1046 375 1109 quas
390 1025 540 1105 Flaccus,
554 1026 633 1107 qnia
646 1026 801 1089 occultari
823 1026 1008 1109 nequibant,
1022 1045 1083 1110 pro

64 1113 217 1178 concione
233 1112 399 1177 recitavit:
421 1113 621 1194 vinctasque,
635 1109 692 1194 qui
708 1113 889 1192 attulerant,
904 1112 945 1176 ad
960 1112 1084 1178 Vitelli-

66 1214 120 1261 um
130 1198 230 1263 misit.

103 1283 212 1351 XXV.
237 1284 293 1350 Sic
314 1282 467 1370 mitigatis
489 1282 614 1362 animis,
637 1282 795 1362 Bonnam,
808 1282 953 1367 hyberna
971 1284 1083 1368 prime
1112 1341 1119 1356 ,

65 1366 209 1455 legionis,
225 1379 370 1433 ventum.
414 1366 573 1432 Infensior
587 1367 655 1433 illic
669 1368 771 1449 miles,
786 1370 917 1453 culpam
930 1370 1031 1434 cladis
1046 1369 1083 1436 in

66 1452 286 1520 Hordeonium
300 1455 461 1518 vertebat:
485 1452 574 1533 ‘ejus
585 1452 679 1533 jussu
686 1451 845 1518 directam
857 1454 1008 1521 adversus
1021 1456 1084 1520 Ba·

66 1547 152 1605 tavos
166 1541 282 1619 aciem,
294 1549 448 1622 tanquam
459 1560 479 1602 a
489 1538 695 1625 Mogontiaco
707 1539 848 1625 legiones
857 1552 1083 1623 sequerentur:

65 1622 207 1705 ejusdem
221 1624 403 1709 proditione
428 1643 534 1705 casos,
556 1624 656 1689 nullis
670 1626 969 1706 supervenientibus
990 1628 1083 1692 auxi·

66 1708 124 1775 liis.
167 1713 287 1799 Ignota
310 1710 380 1774 hac
402 1709 513 1774 ceteris
537 1710 742 1789 exercitibus,
764 1728 870 1792 neque
895 1712 1083 1795 Imperatori

67 1813 121 1859 suo
141 1796 308 1862 nuntiari:
331 1797 404 1861 ciam
430 1814 565 1860 accursu
587 1804 635 1857 tot
655 1793 898 1879 provinciarum
918 1797 1083 1885 exstingui

67 1898 175 1963 repens
184 1881 321 1968 perfidia
332 1881 488 1965 potuerit.²
513 1879 718 1945 Hordeonius
729 1880 925 1963 exemplaria
936 1884 1084 1950 omnium

67 1966 237 2052 literarum,
252 1968 370 2053 quibus
385 1986 442 2051 per
457 1965 581 2031 Gallias
592 1964 856 2050 Britanniamque
866 1975 897 2031 et
907 1966 1083 2052 Hispanias

67 2054 187 2119 auxilia
201 2055 321 2134 orabat,
343 2052 498 2118 exercitui
518 2052 664 2117 recitavit
683 2051 883 2138 instituitque
905 2054 1083 2137 pessimum

69 2136 197 2222 lacinus,
217 2150 255 2204 ut
275 2140 418 2222 epistolae
433 2137 618 2222 aquiliferis
639 2136 806 2226 legionum
831 2138 1039 2222 traderentur,
1061 2162 1083 2206 a

67 2225 132 2304 quis
146 2227 222 2290 ante
236 2225 341 2304 militi,
355 2224 453 2308 quiun
468 2224 624 2303 Ducibus,
647 2224 851 2308 legebantur·
889 2225 981 2289 'I'um
1001 2240 1082 2297 ese·
1141 2293 1145 2301 ,

69 2306 185 2375 ditiosis
200 2330 307 2375 uuirm
320 2310 437 2374 vinciri
448 2308 548 2390 jubet,
563 2309 663 2395 magis
678 2308 854 2393 usurpandi
875 2310 967 2391 June,
982 2314 1083 2394 quam

69 2396 139 2476 quia
162 2397 262 2462 unius
284 2397 382 2478 culpa
396 2393 484 2460 foret.
529 2394 700 2478 Motnsque
721 2394 835 2459 Bonna
859 2398 1020 2461 exercitus
1045 2399 1082 2465 in

71 2481 226 2545 coloniam
237 2480 524 2568 Agrippinensem:
546 2480 751 2544 affluentibus
762 2480 891 2544 auxiliis
901 2482 1081 2566 Gallorum,

71 2565 121 2645 qui
134 2567 238 2650 primd
248 2586 315 2632 rem
326 2566 507 2630 Romanam
515 2566 610 2630 enixe
622 2565 797 2646 juvabant:
820 2587 905 2648 mox,
917 2569 1081 2635 valescen-

71 2649 150 2715 tibus
165 2652 347 2734 Germanis,
362 2654 519 2735 pleraque
534 2650 678 2715 civitates
695 2650 863 2715 adversum
877 2672 937 2718 nos
951 2666 1081 2724 armatae

72 2752 121 2816 spa
135 2737 305 2820 libertatis3
328 2748 368 2816 et,
383 2737 411 2800 si
433 2737 598 2801 exuissent
622 2736 800 2819 servitium,
815 2739 966 2822 cupidine
981 2740 1081 2827 impe·

71 2820 191 2888 ritandi.
249 2823 413 2887 Gliscebat
442 2821 610 2887 iracundia
635 2823 809 2908 legionum,
837 2844 898 2890 nec
926 2834 1081 2893 terrorem

73 2908 163 2970 nnius
177 2909 286 2990 militis
300 2909 435 2972 vincula
449 2908 650 2972 indiderant:
674 2909 753 2991 quin
764 2909 850 2973 idem
860 2911 915 2975 ille
927 2914 1081 2997 arguebat

74 2991 151 3056 ultrb
166 2992 412 3059 ‘conscientiam
426 2993 549 3058 Ducis:
572 3006 727 3076 tanquam
748 2995 882 3059 nuntius
897 2996 979 3059 inter
994 2996 1082 3061 civi-

74 3073 132 3141 lem
145 3081 363 3163 Flaccumque
378 3079 459 3143 salso
481 3077 615 3144 crimine
637 3078 724 3141 testis
741 3079 809 3143 veri
831 3079 1081 3164 opprimeretur.²

76 3159 261 3230 Conscendit
275 3166 415 3230 tribunal
431 3165 557 3230 Vocula
571 3163 653 3227 mira
673 3165 859 3245 constantii,
873 3165 1081 3248 prehensum·

75 3263 131 3325 que
145 3250 279 3315 militem
300 3271 338 3314 ac
352 3248 581 3315 vociferantem
596 3248 692 3313 ‘duci
707 3249 747 3313 ad
762 3251 965 3335 supplicium’
976 3252 1081 3336 jussit.

79 3327 124 3411 Et,
144 3334 221 3400 dum
243 3336 319 3402 mali
342 3346 469 3419 pavent,
494 3336 634 3419 optimus
656 3335 793 3419 quisque
814 3336 913 3419 jussis
936 3342 1080 3422 paruere.

78 3411 157 3484 Exin
179 3442 337 3487 consensu
360 3422 509 3505 ‘Ducem
522 3421 689 3485 Voculam’
711 3425 922 3506 poscentibus,
945 3426 1081 3493 Flaccus

80 3517 229 3571 summam
245 3526 353 3571 rerum
368 3507 398 3569 ei
413 3506 565 3589 permisit.

115 3589 234 3657 XXVI.
256 3594 321 3659 Sed
336 3591 498 3657 discordes
512 3592 636 3656 animos
648 3594 749 3657 multa
759 3595 949 3659 efferabant:
970 3594 1081 3674 inopia

79 3670 214 3758 stipendii
228 3677 462 3763 frumentique3
485 3688 517 3742 et
528 3677 626 3826 uirgini
640 3677 802 3743 delemum
812 3678 991 3758 tributaque
1003 3676 1080 3737 Gal·

544 3765 561 3828 1
586 3765 602 3794 ff
