2392 4050
49 164 195 260 auto]
304 170 456 237 Hrsroa.
471 170 551 238 Lm.
566 170 753 242 Qoraros.
969 174 1033 241 167

49 336 141 409 laten
163 341 307 429 legiones,
328 363 390 410 uec
409 352 527 409 terrore
547 354 604 408 aut
625 342 791 428 promissis
813 343 1032 411 demorentur.

48 423 138 506 Nobis,
156 448 246 512 super
261 449 349 495 arma
362 438 394 493 et
412 430 554 494 viros'et
575 428 706 517 egregia
727 439 907 496 carnorum
928 432 1034 497 muni·

46 520 142 593 menta,
162 514 354 581 frumentum
379 524 410 578 et
432 524 640 594 commeatus,
661 516 811 598 quamvis
833 516 931 604 longo
947 516 1033 580 bello

45 611 140 676 pares„
168 599 304 666 Pecunia
314 619 417 685 nuper
428 599 525 664 etiam
535 598 688 664 donativo
699 600 844 684 suffecit3
866 601 952 684 quod
964 600 1034 666 sivc

46 679 253 766 alaspasiano,
264 686 334 750 sire
349 708 369 750 a
381 685 521 765 Vitellio,
536 685 648 750 datum
658 685 859 770 interpretari
870 687 1033 767 mavultis,

45 764 264 862 ablmparatore
287 773 372 836 certe
395 771 542 836 Romano
565 770 741 854 accepistis.
785 771 853 837 Tot
874 773 1036 838 bellorum

45 862 167 934 notores,
181 857 261 940 apud
276 856 467 930 Geldubam,
482 854 567 941 apird
578 856 702 936 Vetera,
716 855 790 922 fuso
803 858 920 924 totiens
933 858 1034 939 hoste,

45 934 185 1019 tiparotis
206 943 317 1023 aciem,
340 941 513 1027 indignum
534 941 568 1004 id
589 941 738 1024 quidem:
758 943 815 1008 sed
837 954 887 1008 est
909 945 1035 1009 vallum

45 1024 169 1107 murique
192 1039 223 1091 et
245 1027 392 1092 trahendi
415 1036 507 1107 artas,
531 1025 635 1090 donec
649 1046 667 1089 e
681 1028 836 1110 proximis
858 1028 1035 1114 provinciis

45 1108 144 1174 auxilia
157 1114 379 1196 exercitusque
398 1122 602 1176 concurrant.
646 1112 733 1176 Sane
750 1133 812 1201 ego
824 1113 1030 1200 displiceam:

45 1203 101 1258 tunt
114 1197 165 1261 alii
179 1199 225 1263 Le
249 1199 302 1280 ati,
327 1197 479 1278 Tribuni,
506 1197 661 1262 Centurio
683 1196 831 1282 denique,
857 1210 913 1264 aut
928 1200 1030 1265 miles.

45 1274 79 1341 Ne
92 1279 147 1346 boc
160 1220 343 1370 prodigium
356 1293 421 1347 toto
436 1293 592 1347 terrarum
607 1283 682 1347 orbe
695 1285 856 1372 vulgetur,
877 1285 969 1350 vobis
983 1304 1032 1349 sa·

45 1365 178 1458 militibus,
200 1369 343 1435 Civilem
357 1376 388 1433 et
404 1368 586 1433 Classicum
601 1369 728 1434 ltaliam
744 1369 925 1435 invasuros.
968 1372 1032 1455 An,

45 1464 61 1510 ³1
72 1451 107 1517 od
120 1457 236 1519 moenia
251 1455 342 1519 urbis
357 1453 511 1518 Germani
527 1454 680 1538 Gallique
695 1455 856 1537 duxerint,
874 1476 964 1523 arma
977 1476 1033 1541 pa·

45 1533 93 1600 ria
115 1537 283 1605 inferetis?
338 1541 461 1612 Horret,
480 1538 608 1604 animus
634 1541 714 1604 tanti
743 1539 855 1626 flagitii
881 1541 1031 1639 imagine.

45 1618 168 1689 lutonn’
192 1627 341 1691 Trevero
355 1634 490 1711 agentur
510 1625 680 1689 excubiael
724 1625 863 1712 Signum
876 1628 954 1691 belh
974 1628 1035 1692 Ba·

45 1722 115 1772 crus
137 1709 250 1777 debiti
294 1711 531 1776 Germanorum
553 1721 698 1773 catervas
721 1710 932 1794 supplebitisl
961 1711 1035 1794 quis

45 1788 136 1860 leinde
149 1798 278 1862 sceleris
293 1795 425 1859 exitus'l
451 1800 523 1860 oum
536 1794 692 1860 Romana
707 1797 737 1860 le
761 1796 851 1859 iones
865 1803 975 1861 contra
988 1796 1036 1860 di·

45 1881 178 1966 crerint3
201 1881 376 1967 transfugae
390 1901 408 1944 e
423 1878 608 1966 transfugis,
630 1889 697 1963 etp
756 1880 883 1944 itorese
918 1880 1036 1945 rodito-

45 1961 116 2049 ibus,
137 1968 221 2033 inter
242 1986 353 2032 recens
367 1979 504 2032 etvetus
524 1978 762 2032 sacramentum
779 1965 876 2031 invisi
947 1965 975 2031 is
988 1987 1037 2033 er·

45 2050 152 2118 abilis?
175 2055 238 2135 Tc,
254 2054 378 2137 Jupiter
388 2052 517 2136 Optime
529 2052 681 2133 Maxime,
695 2071 793 2137 quom
803 2071 858 2136 per
872 2053 1037 2141 octingen-

45 2138 192 2226 osviginti
207 2158 321 2220 annos,
336 2147 382 2202 tot
390 2138 561 2221 triumphis
571 2138 740 2220 coluimus,
753 2149 793 2221 ta,
809 2135 958 2220 Quirine,
974 2139 1037 2203 Ro·

45 2239 123 2290 uma
144 2245 262 2308 parens
276 2223 375 2303 urbis,
396 2242 508 2306 precor
522 2242 727 2307 venerorque,
749 2234 795 2305 ut,
816 2224 844 2287 si
857 2223 949 2289 vobis
969 2246 1035 2291 non

45 2304 85 2372 itit
97 2310 195 2385 cordi,
219 2329 273 2376 me
288 2311 392 2396 Duce,
409 2308 479 2373 ineo
493 2319 597 2373 castra
611 2308 796 2393 incorrupta
808 2318 839 2375 et
852 2308 1039 2375 intemerata

45 2396 151 2477 errari,
166 2397 301 2461 atcerte
316 2394 418 2479 pollui
435 2392 643 2478 ioedarique‘a
657 2394 782 2460 Tutore
795 2405 827 2458 ot
842 2395 985 2478 Classico
994 2415 1036 2460 ne

45 2477 142 2546 inatis.
186 2481 347 2547 Militibus
368 2479 525 2544 Romanis
547 2490 605 2544 aut
629 2480 848 2546 innocentiam
869 2477 959 2564 detis,
980 2492 1038 2546 aut

45 2578 180 2633 naturam
195 2580 228 2632 et
241 2568 311 2631 sine
324 2565 411 2630 noxi
426 2565 665 2650 penitentiam!

66 2652 152 2721 LIX.
175 2653 274 2718 Varie
291 2661 424 2735 excepta
446 2650 555 2730 oratio,
577 2650 661 2715 inter
682 2669 773 2734 spem
793 2661 978 2738 motumque
997 2673 1037 2719 ac

45 2738 189 2804 odorem.
236 2739 425 2823 Digressum
440 2736 605 2817 Voculam,
627 2747 658 2801 et
679 2735 720 2800 de
742 2738 902 2821 supremis
916 2739 1039 2826 agitan-

45 2841 94 2902 am,
123 2825 230 2889 liberti
259 2824 406 2906 servique
430 2822 631 2906 prohibuere,
663 2820 872 2888 foedissimam
892 2826 1038 2890 lmortem

45 2921 133 2989 ponte
147 2908 336 2993 prevenire.
380 2907 425 2971 Et
440 2907 612 2986 Classicus,
628 2907 724 2971 misso
739 2908 873 2972 AEmilio
888 2909 1039 2992 Longino

47 3007 183 3060 asertore
207 2996 318 3078 prima
341 2992 487 3077 legionis,
512 2991 635 3057 coedem
656 2990 727 3073 ejus
749 2993 931 3057 maturavit.
975 2993 1039 3059 He·

45 3079 175 3145 ennium
186 3090 219 3143 et
231 3079 426 3157 Numisium,
439 3078 586 3162 Legatos,
595 3076 713 3140 vinciri
723 3076 796 3140 satis
804 3078 921 3142 visum.
951 3079 1038 3145 Dein

45 3167 135 3231 umtis
151 3165 292 3230 Romani
307 3164 436 3248 Imperii
451 3162 642 3248 insignibus,
664 3162 699 3225 in
713 3173 815 3226 castra
828 3163 926 3228 venit.
969 3166 1040 3231 Neo

48 3251 78 3329 li,
103 3271 295 3336 quanquam
309 3251 350 3314 ad
364 3269 458 3315 omne
473 3249 598 3313 facinus
612 3248 735 3327 durato,
758 3249 856 3313 verba
868 3251 954 3314 ultra
966 3269 1041 3337 sup-
1151 3278 1153 3286 ¹

45 3336 218 3417 editavbre,
242 3343 341 3420 quarn
359 3345 396 3399 ut
420 3346 658 3399 sacramentum
678 3334 830 3399 recitaret
874 3336 1039 3421 Juravere,

45 3422 80 3485 ui
104 3423 250 3502 aderant,
277 3429 352 3504 ‘pro
373 3421 512 3504 Imperio
538 3419 742 3484 Galliarum!
801 3419 1041 3488 Interfectorem

45 3507 158 3588 ocula,
166 3507 241 3570 altis
251 3507 425 3587 ordinibus,
435 3517 564 3585 ceteros,
579 3514 616 3569 ut
627 3506 761 3589 quisque
769 3505 929 3592 flagitium
944 3527 1042 3572 nava·

45 3606 124 3674 erat,
152 3593 294 3676 praemiis
319 3592 442 3656 attollit.
487 3592 610 3656 Divisae
633 3589 708 3655 inde
730 3590 813 3653 inter
839 3591 997 3654 Tutorem
1011 3602 1044 3653 et

45 3680 317 3768 llassicumcura.
362 3679 468 3743 Tutor
478 3675 586 3745 validi
597 3694 697 3739 manu
709 3673 921 3739 circumdatos
932 3673 1046 3756 Agrip·

1108 3867 1134 3915 A
