2392 4050
69 198 102 264 A.
117 198 150 263 G.
164 197 228 286 tu]
347 195 498 262 Hrsuon.
513 197 592 262 Lm.
609 195 786 262 Trea-rus.
1013 188 1073 260 101

68 369 181 435 modici:
201 371 310 435 caede:
332 390 418 452 narn,
441 369 584 455 plurium
607 388 745 434 accursu
767 387 860 432 versa
882 366 1021 447 fortuna,
1044 376 1077 431 et

67 456 228 521 acerrimus
257 457 394 540 quisque
416 456 620 540 sequentium
643 455 728 541 fugoe
751 454 886 519 ultimus
908 463 993 516 erat:
1015 470 1077 516 nee

66 553 166 623 sponte
178 542 313 607 Antonii
327 554 541 626 properatum,
557 552 588 604 et
603 539 678 622 sore,
693 558 767 623 que:
783 538 974 617 acciderant,
990 538 1077 601 reba·

65 637 117 690 tur.
158 629 312 692 Hortatus
327 647 413 707 suae,
429 635 486 692 ‘ut
509 646 628 710 magno
651 627 759 689 animo
781 636 982 709 capesserent
996 643 1077 719 pug-

65 716 149 792 nam,’
161 713 302 778 diductis
316 712 352 776 In
368 714 469 777 latera
489 713 615 793 turmis,
630 730 773 776 vacuum
794 711 900 774 medio
922 709 1076 792 relinquit

64 794 122 877 lter,
136 817 201 881 quo
218 800 341 861 Varum
354 800 540 881 equitesque
555 797 626 878 ejus
651 796 821 879 reciperet:
840 794 936 876 jussoe
959 793 1075 859 armari

64 882 216 967 legiones:
238 884 351 948 datum
364 902 421 966 per
436 902 530 970 agros
545 883 686 968 signum,
701 895 745 963 ut,
759 883 826 964 quia
836 882 954 966 auique
969 880 1075 965 proxi·

63 985 152 1049 mum,
167 970 286 1034 omissi:
309 969 429 1052 preda,
446 970 554 1052 proelio
575 979 787 1033 occurrerent
830 966 973 1032 Pauidus
995 966 1074 1030 inte·

60 1049 116 1117 rim
137 1055 251 1134 Varus,
271 1055 372 1121 turba
392 1074 526 1121 suorum
552 1054 712 1134 miscetur,
738 1053 909 1136 intulitque
931 1051 1074 1116 formidi-

62 1154 145 1204 nem:
168 1140 256 1223 pulsi
270 1158 348 1205 curn
361 1140 480 1206 sauciis
501 1139 626 1226 integri,
650 1139 837 1222 suonretipsi
857 1150 944 1203 metu
964 1149 996 1202 et
1017 1156 1074 1203 an·

60 1224 166 1308 gustiis
180 1225 310 1289 viarum
324 1227 598 1291 conflictabantur.

96 1310 202 1376 XVII.
225 1311 373 1391 Nullum,
388 1311 423 1375 in
438 1311 495 1376 illt
510 1309 727 1393 trepidatione,
742 1308 903 1374 Antonius
924 1317 1072 1375 conuen-

59 1394 95 1474 tis
106 1396 217 1476 Ducis,
229 1409 285 1460 aut
295 1395 458 1462 fortissimi
471 1396 592 1477 militis,
604 1396 747 1460 officium
760 1396 880 1459 omisit:
903 1411 1072 1460 occursare

58 1480 262 1565 paventibus3
285 1482 420 1546 retinere
435 1481 603 1547 cedentes:
625 1481 682 1546 ubi
697 1481 857 1564 plurimus
871 1481 968 1561 labor,
983 1480 1071 1545 unde
1109 1540 1113 1551 .

59 1566 159 1650 aliqua
169 1585 250 1649 spes,
266 1566 411 1646 consilio,
426 1586 535 1648 manu,
547 1586 626 1631 voce
639 1566 773 1653 insignis
787 1567 881 1647 hosti,
893 1567 1073 1651 coupicuus

58 1653 134 1715 suis:
156 1652 195 1716 ed
208 1651 369 1736 postremo
393 1652 513 1717 ardoris
536 1663 706 1735 provectus
730 1662 786 1733 est,
800 1663 837 1718 ut
861 1651 1071 1717 vexillarium

58 1734 228 1823 fugientem
241 1737 334 1802 hasti:
356 1739 641 1803 transverberaret:
664 1757 741 1801 mox
762 1750 889 1821 raptum
909 1737 1070 1802 uexillum

58 1821 88 1886 in
101 1823 225 1886 hostem
238 1824 353 1889 vertit:
374 1843 439 1906 qno
454 1822 576 1906 pudore
591 1822 680 1887 haud
694 1824 812 1907 plures,
827 1825 924 1906 quarn
939 1834 1070 1887 eentum

58 1907 180 1990 equites,
196 1908 346 1974 restitere.
390 1908 482 1972 Iuvit
495 1911 595 1988 locus,
612 1909 746 1972 arctiore
760 1909 829 1973 illio
843 1908 907 1989 vit,
921 1918 953 1971 et
967 1907 1068 1971 fracto

56 1991 260 2059 interfluentis
273 1993 335 2058 rivi
349 2006 455 2079 ponte,
469 1993 526 2079 qui
542 1996 665 2060 incerto
686 1994 787 2075 alveo,
802 2003 834 2058 et
854 1992 1067 2079 precipitibus

56 2077 134 2162 ripis,
148 2079 262 2165 fugam
275 2080 483 2165 Impediebat:
505 2101 543 2145 aa
553 2080 733 2160 necessitas,
744 2099 799 2145 seu
812 2078 949 2159 fortuna,
962 2082 1067 2162 lapsas

54 2161 114 2243 jam
126 2174 232 2250 partes
247 2166 391 2231 restituit.
435 2165 570 2230 Firmati
596 2167 680 2230 inter
702 2186 745 2247 se,
769 2166 876 2231 densis
900 2164 1067 2232 ordinibus

56 2250 217 2334 excipiunt
230 2250 420 2316 Vitellianos
433 2253 552 2316 temere
574 2253 712 2316 effusos:
735 2261 830 2335 etque
855 2252 903 2316 illi
929 2262 1067 2316 conster-

56 2347 178 2400 nantur.
221 2335 383 2401 Antonius
395 2337 512 2401 instare
527 2339 692 2420 perculsis,
704 2348 842 2402 sternere
853 2336 973 2401 obvios.
1017 2322 1103 2410 stl

54 2422 118 2484 mul
132 2421 237 2502 ceteri,
258 2431 296 2485 ut
319 2421 437 2504 cuique
459 2422 637 2507 ingenium,
661 2422 806 2505 spoliare,
830 2442 950 2506 capere,
975 2440 1066 2485 arura

54 2523 209 2589 equosque
223 2507 385 2592 abripere:
406 2516 439 2570 et
452 2508 549 2572 exciti
562 2527 712 2591 prospero
727 2508 874 2586 clamore,
889 2508 946 2592 qui
968 2505 1065 2572 modo

52 2608 105 2672 per
115 2612 208 2676 agros
222 2589 301 2677 fugi:
315 2592 515 2676 palabantur,
529 2594 674 2658 victoriae
689 2612 722 2657 se
736 2593 921 2659 miscebant.
1038 2661 1040 2664 ,

28 2697 52 2784 f
91 2677 211 2743 XVIII.
254 2677 305 2742 Ad
319 2688 472 2761 quartum
485 2699 506 2741 a
520 2679 679 2743 Oremond
695 2678 831 2762 lapidem
841 2679 958 2745 fulsere
967 2679 1065 2765 legio·

53 2778 129 2826 num
141 2762 243 2851 signa,
264 2762 402 2847 Rapacis
417 2775 511 2847 atque
527 2764 656 2845 larice,
671 2766 742 2831 laeto
768 2765 850 2850 Inter
865 2765 956 2830 initia
976 2764 1064 2849 equi·

54 2854 119 2910 tum
131 2868 265 2913 suorum
297 2851 393 2932 raelio,
408 2849 606 2933 illususque
621 2860 780 2932 provecta.
824 2851 898 2931 Sed,
912 2852 968 2914 ubi
986 2852 1064 2915 For·

53 2939 129 2996 tuna
141 2935 251 2999 contra
302 2934 335 3015 it,
350 2953 416 2999 non
431 2935 540 2998 laxare
562 2936 699 3016 ordines,
714 2955 781 2999 non
802 2936 942 3020 recipere
958 2937 1064 2998 turba·

53 3025 107 3098 toa,
121 3037 186 3082 nou
200 3018 329 3084 obviim
342 3019 396 3100 ire,
412 3020 560 3102 ultroque
616 3020 704 3107 gredi
720 3021 852 3101 hostem,
866 3032 991 3085 tantum
1006 3039 1062 3106 per

53 3103 188 3183 spatium
211 3124 309 3170 cursu
332 3116 364 3168 et
387 3104 562 3192 pugnando
575 3041 717 3169 ”Iessurn
762 3107 857 3171 Forte
871 3106 958 3188 vluti,
973 3106 1062 3173 haud

53 3187 178 3266 perinde
191 3192 287 3255 rebus
301 3191 459 3274 prosperis
483 3191 611 3256 Ducam
633 3191 897 3272 desideraverant,
913 3205 1007 3276 atque
1027 3197 1063 3261 iu
1164 3191 1165 3198 '

55 3270 188 3339 adversis
214 3275 324 3339 deesse
352 3277 580 3372 intelligebant.
626 3278 801 3342 Nutantem
829 3279 930 3343 solem
958 3280 1062 3346 victor

54 3357 204 3438 equitatus
214 3363 372 3426 incursat:
394 3373 427 3425 et
437 3362 611 3445 Vipstanus
624 3363 783 3444 Messalla,
796 3364 972 3445 Tribunus,
984 3386 1062 3431 cum

54 3438 187 3511 Moesicis
200 3446 410 3528 auxiliaribus
425 3448 613 3532 assequitur,
638 3469 720 3532 quos
734 3450 853 3516 militiae
868 3452 1059 3537 legionariis,
1163 3489 1164 3513 r

54 3543 229 3615 quanquam
250 3531 368 3615 raptim
380 3533 503 3615 ductos,
526 3536 701 3618 aequebant.
744 3536 793 3600 Ita
817 3536 938 3600 mixtus
962 3556 1061 3619 eques
1162 3592 1164 3613 ,

55 3610 201 3703 pedesque
215 3620 332 3704 rupere
354 3618 521 3707 legionum
533 3639 670 3769 Sqgmeu,
712 3621 961 3751 Eupropinqua
985 3622 1061 3682 Ore-
1163 3625 1164 3630 ’
