2392 4050
117 159 181 226 102
478 161 516 227 C.
531 162 643 229 Coun.
658 160 796 229 Tncrrr
938 159 988 251 [A.
1004 160 1045 229 U.
1060 160 1127 229 stt

116 331 321 399 monensinm
334 334 599 483 montepesato
614 335 688 417 plus
711 335 778 419 spei
804 335 846 398 ad
867 334 1035 423 effugium,
1050 336 1130 401 tenti>

115 419 272 483 minorem
284 417 326 483 ad
341 420 471 485 resistcn
495 439 561 500 um,
576 421 723 486 animum
736 421 864 486 dabant.

94 508 98 513 '
161 504 255 571 xlx.
277 505 347 571 Nec
375 504 538 571 Antonius
559 506 644 571 ultra
668 506 793 587 institit,
814 526 937 572 memor
958 507 1076 572 laboris
1098 528 1130 572 ac

117 590 299 668 vulnerum,
322 591 441 675 quibus
466 603 532 657 tam
554 610 673 674 anceps
697 593 799 674 pretii
824 593 964 672 fortuna,
988 594 1130 675 quamvis

117 693 268 759 prospero
276 675 351 756 fine,
359 676 483 758 equites
493 696 657 760 equosque
669 679 886 743 afflictaverat.
930 678 1132 743 Inumbrante

117 762 250 845 vesperi
260 762 450 827 universum
464 762 616 827 Flaviani
626 765 786 828 exercitus
798 763 895 827 robur
906 762 1051 828 advenit.
1085 763 1132 829 Ut·

118 865 182 929 que
197 847 347 912 cumulos
367 866 464 930 super
477 857 509 912 et
533 847 676 913 recentia
699 849 788 917 cede
811 847 948 933 vestigia
972 848 1133 927 messere,

141 932 210 997 nasi
223 930 421 998 debellatum
441 931 529 1013 foret,
544 941 693 1018 ‘pergere
715 935 920 1013 Cremonam,
941 944 974 998 et
988 934 1090 1000 victos
1104 934 1132 999 in

181 1016 315 1082 itionem
328 1016 398 1081 acci
440 1029 547 1099 ream
560 1022 768 1105 expugnara,'
782 1019 970 1103 deposcunt.
1016 1018 1132 1085 Haecin

120 1101 234 1185 medio,
249 1102 386 1188 pulchra
419 1102 495 1168 ictu.
538 1102 602 1168 Illa
614 1104 676 1168 sibi
690 1104 837 1188 quisque,
852 1104 969 1169 ‘Posse
982 1105 1134 1170 coloniam

120 1188 217 1285 plano
243 1188 339 1256 sitam
360 1188 481 1272 impetu
507 1188 588 1273 capi.
632 1188 723 1254 Idem
747 1189 888 1256 audacie
913 1207 972 1273 per
997 1191 1134 1256 tenebras

122 1273 428 1359 rnumpentibueet
449 1272 606 1354 majorem
626 1275 771 1359 rapiendi
797 1275 983 1341 licentiam:
1006 1274 1134 1360 quodsi

122 1359 231 1425 lucem
243 1359 458 1443 opperiantur,
468 1358 538 1443 jam
552 1379 673 1442 pacem,
684 1359 753 1441 jam
766 1381 885 1445 preces,
899 1372 940 1441 et,
954 1381 1016 1445 pro
1038 1363 1134 1426 labore

123 1465 163 1513 ec
184 1444 382 1526 vulneribus,
404 1445 610 1510 clementiam
633 1457 666 1511 et
687 1447 832 1531 gloriam,
856 1446 976 1529 inania,
1005 1449 1136 1512 laturos:

122 1529 179 1597 ced
192 1550 269 1615 opes
284 1531 553 1597 Cremonensium
564 1530 596 1594 in
609 1531 684 1595 sinn
696 1531 924 1598 Proefectorum
934 1532 1135 1617 Legatomne

122 1635 186 1700 que
199 1615 276 1681 fore.
319 1615 525 1702 Expugnatae
538 1616 629 1681 urbis
643 1616 784 1701 predam
805 1617 846 1682 ad
867 1616 1013 1697 militem,
1032 1617 1134 1683 dedite

123 1701 166 1767 ad
181 1703 299 1782 Duces,
314 1700 491 1785 pertinere!
534 1701 740 1785 spernuntur
762 1702 974 1768 Centuriones
991 1703 1135 1769 Tribuni·

123 1807 196 1872 que,
211 1809 258 1870 ac,
272 1808 314 1853 ne
329 1807 393 1852 vox
407 1787 601 1870 cujnsquam
615 1787 774 1868 audiatur,
788 1787 938 1873 quatiunt
955 1808 1058 1870 erma,
1072 1808 1134 1872 rup

125 1873 189 1940 turi
205 1872 384 1959 imperium,
398 1873 434 1937 ni
448 1871 620 1936 ducantur.

169 1960 247 2028 XX.
270 1958 361 2024 'l'um
372 1958 543 2040 Antonius,
555 1957 937 2044 inserenssamanipulis,
947 1958 1006 2024 ubi
1018 1967 1134 2044 aspectu
1162 2033 1163 2052 χ

125 2057 157 2111 et
177 2046 365 2112 auctoritate
388 2043 555 2108 silentium
575 2043 713 2110 fecerat:
736 2046 830 2110 ‘Nou
851 2064 886 2108 se
910 2044 1021 2126 decus,
1044 2063 1134 2128 neque
1162 2057 1163 2080 ³

127 2131 264 2215 pretium
278 2130 400 2214 eripere
411 2139 477 2193 tam
491 2130 572 2195 bene
588 2129 729 2209 meritis,'
739 2131 934 2214 affirmabat3
959 2132 1034 2195 ‘sed
1046 2130 1134 2196 divisa

92 2218 95 2225 '
126 2216 209 2280 inter
228 2216 407 2281 exercitum
427 2215 600 2299 Duaeeqne
626 2216 754 2282 munia:
778 2214 934 2281 militibus
959 2216 1132 2300 cupidinem
1162 2211 1163 2266 l

98 2301 293 2386 ',pugnandi
323 2302 518 2384 convenire3
549 2302 660 2366 Duces
685 2300 895 2385 providendo,
922 2299 1132 2376 consultando,
1162 2301 1163 2306 ’

126 2388 329 2453 cunctatione
350 2387 474 2471 sepius,
487 2388 586 2471 quarn
608 2387 793 2469 temeritate,
815 2385 975 2470 prodesse.
1020 2389 1065 2453 Ut
1085 2403 1131 2469 pro

125 2472 211 2538 virili
226 2473 381 2557 portione,
396 2473 494 2538 armis
509 2493 546 2538 ac
561 2492 671 2554 manu,
686 2473 855 2537 victoriam
874 2472 1005 2556 juverit,
1023 2473 1131 2537 ratione

125 2570 157 2623 et
171 2559 315 2639 consilio,
340 2559 476 2644 propriis
501 2558 605 2623 Ducis
628 2558 759 2639 artibus,
773 2558 990 2643 profuturum.
1034 2560 1132 2639 Neque

85 2644 216 2737 genim
236 2644 388 2732 ambigua
411 2664 490 2722 esse,
512 2665 585 2728 que
610 2653 799 2709 occurrant:
822 2655 951 2710 noctem
975 2654 1009 2710 et
1031 2647 1131 2729 ignote
1155 2665 1158 2676 ·

127 2730 226 2795 situm
248 2729 346 2812 urbis,
361 2730 448 2800 intus
471 2729 577 2794 hostes
603 2740 635 2794 et
659 2742 776 2795 cuncta
800 2730 926 2795 insidiis
949 2741 1131 2814 opportuna:
1162 2779 1163 2806 3

126 2835 203 2897 non,
218 2814 246 2880 si
259 2825 386 2899 pateant
400 2824 507 2899 portae,
523 2816 586 2879 nisi
601 2816 775 2900 explorato,
790 2816 854 2880 nisi
868 2816 929 2896 die,
949 2813 1132 2881 intrandum.
1162 2839 1163 2842 ¹

128 2903 181 2968 An
196 2901 469 2988 oppugnationem
486 2901 701 2981 inchoaturos,
716 2901 842 2966 ademto
856 2901 945 2966 omui
968 2908 1130 2984 prospectu
1162 2917 1163 2922 ’

128 2987 201 3071 quie
215 3007 327 3072 aequus
342 2988 443 3071 locus,
457 2996 579 3071 quanta
594 2986 729 3053 altitudo
740 2987 921 3054 moeniuml
942 2984 1131 3052 tormentisne

126 3085 157 3137 et
172 3073 252 3154 telis,
267 3094 309 3139 an
336 3074 482 3159 operibus
507 3084 538 3138 et
556 3072 670 3153 vineis,
693 3071 909 3158 aggredienda
932 3073 1008 3137 urbs
1031 3064 1129 3135 sorett’

128 3158 208 3223 Mox
222 3178 395 3225 conversus
418 3158 458 3223 ed
474 3142 633 3245 singulos,
654 3166 752 3223 ‘num
777 3178 914 3237 secures,
937 3156 1129 3246 dolabrasque

126 3254 159 3308 et
173 3252 278 3307 cetera
294 3244 518 3331 expugnandis
540 3245 682 3326 urbibus,
704 3262 815 3307 secum
829 3243 1009 3309 attulissent
1019 3243 1043 3305 l'
1062 3254 1128 3335 rog}

126 3328 220 3394 tabat.
265 3329 319 3410 Et,
346 3336 418 3394 cum
445 3332 631 3410 abnuerent,
659 3328 853 3417 ‘gladiisne,’
868 3327 981 3412 inquit,
996 3336 1044 3393 ‘et
1068 3323 1128 3414 plllt

126 3413 321 3499 perfringere
336 3435 374 3479 ac
387 3416 541 3479 subruere
556 3435 666 3479 muros
682 3415 759 3480 ullae
774 3435 890 3481 manns
904 3412 1063 3497 possunt?
1099 3404 1127 3469 Sl

128 3516 275 3584 aggerem
287 3509 416 3576 struere,
432 3499 458 3560 si
473 3499 590 3581 pluteis
605 3501 787 3564 cratibusve
801 3501 924 3586 protegi
945 3517 1071 3564 necesse
1089 3491 1103 3556 s
1118 3524 1127 3537 ·

127 3583 196 3662 erit,
210 3593 247 3644 ut
261 3583 381 3665 vulgus
403 3581 630 3666 improvidum,
652 3584 733 3648 irriti
756 3586 921 3665 stabimus,
946 3582 1127 3648 altitudinem

37 3681 38 3734 l
128 3665 276 3748 turrium,
304 3676 336 3730 et
349 3666 454 3730 aliena
477 3667 681 3733 munimenta
704 3668 882 3736 mirantest
925 3669 1020 3740 Quin
1044 3662 1128 3754 potiit
