2392 4050
30 278 32 287 ‚
60 188 139 254 XO.
154 191 217 280 bii]
335 190 486 256 Hrsrort.
501 152 581 258 Lrs.
597 191 776 258 Tsnrros.
1000 196 1063 261 107

95 363 197 431 XXX.
219 367 263 430 At
286 382 399 429 rursus
423 384 510 430 nora
538 364 686 431 laborum
709 362 827 446 facies,
849 364 952 431 ardua
972 368 1063 433 urbis

61 450 174 530 menia,
189 471 294 516 saxeae
310 459 421 531 turres,
435 450 544 515 serrati
557 460 724 536 portarum
730 450 846 530 obices,
857 452 986 517 vibrans
999 454 1065 518 tela

60 535 150 616 miles,
163 536 315 620 frequens
329 536 562 620 obstrictusque
576 536 757 601 Vitellianis
770 537 915 619 partibus
934 539 1065 604 Cremo·

60 622 155 685 nensis
174 623 323 706 populus,
337 640 456 708 magna
477 641 551 705 pars
564 621 675 704 Italiae,
699 632 781 686 statu
802 621 836 686 in
852 622 982 688 eosdem
995 622 1064 688 dies

59 717 187 771 mercatu
203 717 410 793 congregata:
425 707 514 791 quod
524 706 744 773 defensoribus
754 707 916 772 auxilium
926 710 969 773 cb
982 710 1065 775 mul·

58 791 225 874 titudinem,
236 794 498 878 oppugnantibus
512 792 757 858 incitamentum
767 795 808 858 ob
821 793 972 876 praedam,
986 804 1064 860 erat.

59 877 146 962 ‘Rapi
161 878 262 964 ignes'
278 879 449 958 Antonius,
471 876 645 963 inferrique
666 878 893 944 amoenissimis
908 892 1000 945 extra
1010 900 1064 946 ur·

59 963 123 1028 bem
135 963 288 1028 adificiis’
299 963 408 1046 jubet3
431 965 459 1026 si
473 963 593 1027 damno
607 984 715 1030 rerum
724 984 858 1029 suarum
869 967 1066 1031 Cremonen·

56 1058 101 1112 'ses
123 1049 162 1112 ad
183 1047 374 1113 mutandam
400 1048 499 1114 fidem
521 1049 737 1114 traherentur:
759 1050 939 1135 propinqua
962 1051 1065 1118 muris

56 1143 138 1215 tecta,
151 1144 182 1199 et
196 1134 401 1199 altitudinem
414 1135 572 1198 moeniunr
593 1155 728 1223 egressa,
749 1133 921 1201 fortissimo
934 1157 1064 1221 quoque
1113 1138 1116 1151 '

53 1220 188 1285 militum
202 1220 361 1304 complet:
383 1220 431 1284 illi
447 1221 590 1285 trabibus
604 1221 785 1308 tegulisque
806 1231 838 1285 et
857 1221 981 1289 facibus
994 1242 1065 1308 pro·

55 1316 240 1390 pugnatores
254 1305 435 1370 deturbant.

92 1391 224 1455 XXXI.
246 1392 321 1455 lam
331 1391 473 1477 legiones
487 1391 522 1456 in
537 1391 733 1457 testudinem
747 1392 1020 1477 glomerabantur,
1031 1403 1065 1458 et

53 1476 104 1539 alii
117 1478 180 1541 tela
194 1496 337 1560 saxaque
359 1476 564 1557 incutiebant,
590 1482 663 1541 cum
678 1478 887 1563 languescere
908 1481 1065 1563 paulatim

56 1561 298 1628 Vitellianorum
308 1561 417 1626 animi.
461 1561 506 1626 Ut
515 1564 651 1646 quisque
665 1563 778 1627 ordine
793 1564 942 1645 anteibat,
952 1566 1064 1631 cedere

56 1645 184 1711 fortunae
199 1671 206 1711 :
228 1667 281 1727 ne,
297 1647 457 1712 Cremona
471 1668 599 1732 quoque
613 1647 731 1728 excisa,
745 1651 839 1714 nulla
851 1651 937 1715 ultri
959 1653 1063 1732 venia,

53 1733 217 1816 omnisque
230 1735 280 1796 ira
293 1732 432 1814 victoris,
448 1733 560 1797 nonin
573 1734 693 1821 vulgus
707 1735 810 1817 inops,
823 1732 880 1798 sed
894 1735 929 1798 in
944 1736 1065 1802 Tribu-

55 1837 109 1882 nos
124 1820 408 1901 Genturionesque,
423 1819 479 1883 ubi
494 1819 632 1902 pretium
642 1817 739 1884 caedis
752 1829 831 1899 erat,
844 1829 1064 1886 reverteretur.

58 1905 227 1992 Gregarius
242 1905 343 1983 miles,
369 1903 469 1969 futuri
483 1924 591 1969 socors
605 1914 636 1966 et
651 1904 850 1990 ignobilitate
863 1906 970 1984 tutior,
996 1925 1065 1991 per·

55 1992 170 2055 stabat:
193 1989 268 2077 vagi
288 1991 435 2072 pervias,
457 1990 492 2055 in
515 1989 663 2056 domibus
686 1988 794 2073 abditi,
814 2009 926 2075 pacem
939 2010 981 2058 ne
994 2001 1066 2059 tum

52 2076 180 2159 quidem
189 2077 335 2155 orabant,
357 2077 432 2140 crim
445 2077 568 2141 bellum
589 2075 778 2160 posuissent
822 2077 983 2142 Primores
996 2098 1065 2143 cas·

56 2171 172 2228 trorum
187 2180 305 2225 nomen
321 2170 415 2245 atque
438 2162 594 2248 imagines
609 2161 730 2227 Vitellii
741 2164 959 2229 amoliuntur:
981 2176 1067 2229 cate·

56 2265 110 2311 nas
134 2247 273 2313 cracina
299 2248 510 2333 (nemetiam
537 2258 607 2312 tum
629 2249 759 2312 vinctus
783 2252 863 2337 erat)
891 2250 1065 2315 exsolvunt

55 2345 215 2417 orantque,
239 2339 295 2396 ‘ut
308 2351 414 2397 causa
436 2351 503 2395 suae
516 2332 702 2415 deprecator
716 2335 840 2399 assistat
854 2337 871 2399 :'
893 2354 1064 2418 aspernan-

55 2427 116 2483 tem
126 2428 366 2500 tumentemque
378 2417 529 2501 lactymis
538 2417 674 2503 fatigant
686 2418 882 2517 (exuemum
893 2422 1064 2507 malorum)

55 2514 97 2567 tot
109 2504 273 2569 fortissimi
289 2503 360 2583 viri,
383 2502 555 2587 proditoria
574 2524 669 2587 opem
690 2517 897 2569 mvocantes:
920 2525 997 2571 mox
1010 2526 1065 2569 ve·

55 2588 193 2655 lamenta
205 2604 237 2653 et
250 2588 371 2652 infulas
393 2608 451 2671 pro
472 2588 573 2656 muris
594 2599 762 2655 ostentant.
807 2592 889 2655 Giun
903 2591 1065 2659 Antonius

54 2675 208 2740 ‘inhiberi
224 2677 295 2739 tela’
305 2672 461 2756 jussisset,
476 2673 570 2771 signa
584 2675 772 2759 aquilasque
785 2677 950 2744 extulere:
971 2697 1065 2742 mms-

55 2771 123 2826 tum
136 2759 310 2825 inermium
325 2779 451 2845 agmen,
464 2760 594 2841 deJectis
607 2763 641 2825 in
657 2775 773 2827 terram
786 2762 898 2843 oculis,
913 2764 1066 2845 sequeba-

56 2857 113 2910 tur.
147 2844 421 2911 Circumstiterant
432 2846 576 2925 victores,
588 2857 619 2911 et
630 2847 733 2931 primb
744 2847 932 2933 ingerebant
941 2850 1065 2933 probra,

56 2930 253 2997 intentabant
271 2931 371 3004 ictus:
393 2950 479 3011 mox,
500 2943 538 2995 ut
559 2933 691 3015 praeberi
712 2953 768 2997 ora
789 2931 1002 3013 contumeliis,
1024 2942 1065 3015 et,

57 3017 154 3099 positi
169 3017 258 3082 omni
274 3014 401 3095 ferocis,
416 3028 533 3082 cuncta
546 3017 624 3081 victi
640 3018 850 3101 patiebantur,
864 3018 949 3083 subit
962 3037 1066 3082 recor-

55 3103 147 3184 datio,
173 3104 247 3167 illos
261 3121 339 3181 esse,
361 3101 417 3185 qui
432 3121 535 3186 nuper
559 3101 707 3166 Bedriaci
730 3102 871 3168 victoria
896 3103 1066 3187 temperis·

57 3201 132 3252 sent.
176 3188 250 3267 Sed,
274 3188 328 3251 ubi
344 3188 481 3268 Caecina,
501 3187 656 3270 'praetexti
678 3187 907 3272 lictoribusque
920 3188 1065 3276 insignis,
1167 3191 1168 3194 ’

56 3272 172 3338 dimoti
186 3273 289 3354 curba,
305 3273 427 3338 Consul
441 3273 581 3354 incessit,
603 3274 749 3338 exarsere
760 3272 918 3340 victores:
941 3283 1066 3361 ‘super-

59 3357 139 3422 biam
153 3359 380 3441 saevitiarnque’
398 3358 490 3444 (adab
504 3359 609 3424 invisa
622 3361 743 3424 seelera
757 3363 846 3444 sunt)
860 3361 957 3426 etiam
979 3368 1067 3445 ‘per-
1167 3405 1168 3408 =

57 3443 182 3526 fidiam,’
205 3444 410 3526 objectabant.
455 3444 585 3508 Obstitit
610 3445 781 3526 Antonius,
803 3444 948 3531 datisque
961 3447 1069 3512 deien-

53 3531 186 3611 soribus,
208 3530 249 3594 ad
265 3529 499 3613 Vespasianum
511 3529 642 3594 dimisit.

101 3616 240 3683 XXXII.
264 3617 359 3680 Plebs
381 3614 511 3680 interim
535 3616 802 3680 Cremonensium
823 3617 905 3680 inter
931 3624 1068 3678 armatos

60 3701 317 3767 conflictabatur:
339 3719 400 3765 nee
424 3701 536 3785 procul
558 3699 643 3766 caede
665 3700 805 3780 aberant,
828 3705 900 3763 clim
921 3695 1070 3780 precibus
