2392 4050
106 182 148 247 58
448 186 485 249 O.
502 185 613 250 Gonu.
629 182 770 249 Tscrrr'
922 184 974 272 [A.
990 182 1031 248 U.
1046 181 1132 248 822.

105 353 181 434 cuti,
195 355 281 421 ultro
294 356 329 421 in
344 355 478 421 insidias
492 356 753 441 praecipitantur:
776 376 886 430 name
905 355 1058 421 lateribus
1073 376 1135 421 co-

104 440 222 521 hortes,
238 442 404 527 legionum
418 441 552 507 adveni
566 442 680 523 fronte,
695 454 727 507 et
748 443 854 507 subito
867 441 1015 507 discursu
1031 451 1131 528 terga

105 527 274 591 cinxerant
288 528 420 611 equites.
463 529 605 614 Signum
626 548 746 615 pugnae
760 544 827 593 non
848 527 955 593 stetim
974 549 995 590 a
1009 528 1133 592 Sueto-

104 612 161 676 nio
177 613 314 677 Paulino
326 613 425 697 pediti
438 612 571 679 dahtmt
593 625 761 679 cunctator
775 613 901 695 nuturi,
915 623 947 677 et
960 614 1015 678 cui
1027 624 1132 679 cauta

104 699 208 781 potius
221 699 356 763 consilia
370 718 447 764 cum
460 700 592 780 ratione,
613 701 712 783 quam
731 718 882 784 prospers
895 718 937 763 ex
951 718 1042 779 casu,
1056 701 1134 783 pla·

105 793 222 865 cerent,
249 786 422 868 ‘compleri
440 782 549 866 fossas,
573 786 689 869 aperiri
713 804 874 869 campum,
896 785 995 867 pandi
1010 784 1132 849 aciem’

101 867 247 951 jubebat;
271 870 363 934 ‘satia
378 870 441 934 citd
462 870 562 955 incipi
577 871 753 952 victoriam,
774 871 831 935 ubi
851 871 1018 954 provisum
1031 869 1131 951 foret,

104 972 146 1019 ne
161 955 385 1021 vincerentur)
429 956 480 1022 Es
495 958 701 1022 cunctatione
720 959 862 1041 spatium
874 954 1058 1020 Vitellianis
1072 956 1134 1020 da·

104 1050 184 1119 tum,
198 1038 233 1105 in
249 1041 370 1122 vineas,
382 1061 470 1106 nexu
481 1042 653 1108 traducum
664 1042 840 1125 impeditas,
852 1039 1046 1125 refugiendi.
1083 1041 1134 1105 Et

104 1125 330 1191 modicasilva
344 1128 540 1193 adhaerebat:
562 1128 650 1193 unde
664 1147 775 1193 rursus
797 1128 868 1191 ausi
892 1126 1134 1210 promtissimos

105 1211 374 1278 Praetorianorum
389 1214 535 1297 equitum
549 1213 752 1278 interfecere:
774 1214 964 1278 vulneratur
977 1232 1034 1277 rex
1047 1211 1133 1296 Epi-

104 1296 238 1381 phanes,
253 1298 390 1382 impigre
404 1318 462 1381 pro
477 1299 608 1364 Othone
622 1319 665 1383 pu
713 1318 766 1363 am
780 1298 879 1363 ciens.

149 1382 269 1448 XXVI.
293 1385 384 1450 'sum
399 1384 604 1449 Othonianus
624 1319 719 1467 peggs
733 1383 856 1467 erupit:
879 1382 1012 1467 protriti
1026 1382 1132 1447 hosti-

106 1484 165 1532 um
179 1469 256 1549 acie,
275 1470 360 1533 versi
384 1470 419 1533 in
443 1467 565 1556 fugam,
586 1469 683 1535 etiam
703 1469 760 1567 qui
775 1468 1025 1550 subveniebant3
1050 1487 1134 1533 num

108 1552 238 1618 Caecina
257 1574 324 1619 non
338 1556 435 1620 simul
450 1556 606 1638 cohortes,
621 1555 677 1620 sed
691 1556 837 1641 singulas
850 1554 1027 1620 acciverat:
1051 1575 1128 1638 quae
1184 1629 1185 1632 Ἴ

106 1657 157 1703 res
171 1639 206 1703 in
219 1640 329 1722 prelio
343 1639 587 1725 trepidationem
609 1641 707 1721 auxit,
728 1643 802 1705 chrn
815 1638 985 1724 dispersos,
998 1659 1063 1704 nec
1079 1660 1133 1705 us

105 1743 204 1808 quam
226 1726 358 1808 validos,
384 1745 485 1810 pavor
508 1725 705 1814 fugientium
723 1724 889 1810 abriperet.
933 1725 1014 1789 Orta
1035 1737 1071 1790 et
1093 1726 1128 1789 in

106 1810 217 1873 castris
231 1811 354 1893 seditio,
379 1813 467 1896 quod
491 1831 560 1876 non
584 1812 728 1878 universi
742 1812 945 1877 ducerentur.
987 1811 1130 1876 Vinctus

106 1895 282 1960 Praesectus
293 1908 480 1979 castrorum,
491 1899 600 1964 Julius
612 1900 921 1980 Gratus,‘tanquam
930 1896 1028 1977 fratri,
1040 1896 1131 1981 apud

107 1980 273 2048 Othonem
300 1984 461 2066 militanti,
489 1985 702 2067 proditionem
730 1995 837 2072 ageret
848 1985 865 2047 :'
894 1984 969 2049 clim
995 1981 1131 2048 fratrem

106 2065 186 2149 ejus,
208 2068 335 2134 Julium
358 2072 564 2154 Frontonem,
592 2071 790 2154 Tribunum,
806 2069 985 2135 Othoniani
998 2071 1063 2134 sub
1077 2089 1129 2133 eo·

106 2152 183 2217 dem
210 2154 343 2219 crimine
371 2157 562 2221 vinxissent.
607 2158 755 2222 Ceterum
782 2175 822 2220 ee
845 2156 966 2238 ubique
987 2153 1127 2220 formido

105 2236 168 2304 fuit
190 2240 277 2322 apud
301 2240 469 2327 fugientes,
490 2254 704 2323 occursantes,
729 2242 764 2306 iu
788 2240 866 2323 acie,
884 2261 942 2325 pro
964 2241 1066 2318 vallo,
1081 2249 1126 2319 ut,
1180 2274 1181 2279 κ

106 2325 225 2389 ‘deleri
241 2346 316 2391 cum
330 2326 483 2392 universo
497 2328 639 2393 exercitu
657 2329 819 2395 Oaecinam
832 2327 982 2411 potuisse,
997 2327 1033 2390 ni
1050 2327 1129 2391 Sue·
1178 2344 1179 2347 ¹

27 2464 29 2469 ,
106 2411 216 2475 tonius
230 2412 388 2477 Paulinus
403 2414 544 2498 receptui
568 2413 756 2494 cecinisset,’
774 2413 919 2496 utrisque
933 2411 1127 2497 inpartibus

106 2497 331 2581 percrebuerit.
375 2498 561 2563 ‘Timuisse
574 2502 627 2581 se,’
652 2500 810 2565 Paulinus
824 2499 950 2581 ferebat,
980 2507 1128 2563 ‘tantum

107 2581 239 2664 insuper
254 2582 371 2647 laboris
386 2603 424 2647 ac
438 2583 570 2665 itineris,
592 2605 635 2650 ne
649 2586 840 2651 Vitellianus
856 2584 957 2665 miles,
982 2600 1126 2648 recense

108 2666 228 2749 castris,
243 2668 342 2732 fessos
356 2670 589 2756 aggrederetur,
605 2682 636 2735 et
650 2671 804 2754 perculsis
817 2672 948 2735 nullum
958 2678 1045 2734 retro
1057 2668 1127 2734 suh
1164 2696 1171 2717 ·

107 2751 227 2818 sidium
241 2754 319 2818 foret
329 2755 346 2820 ι’
367 2755 453 2839 apud
464 2775 584 2839 paucos
598 2777 638 2820 ea
652 2758 755 2822 Ducis
766 2757 847 2820 ratio
857 2756 996 2843 probata,
1008 2755 1046 2820 in
1056 2753 1126 2819 vul·

106 2859 169 2926 gus
183 2839 317 2904 adverso
328 2859 456 2904 rumore
469 2840 539 2906 fuit.

151 2925 295 2990 XXVII.
318 2926 415 2990 Haud
430 2926 562 3010 perinde
580 2926 615 2991 id
636 2927 792 2993 damnum
810 2925 996 2993 Vitellianos
1011 2927 1047 2991 in
1063 2942 1124 2990 me

108 3019 180 3075 tum
195 3012 362 3096 compulit,
387 3013 485 3095 quim
506 3013 547 3078 ad
568 3012 757 3078 modestiam
779 3013 977 3096 composuit:
1000 3031 1063 3081 nec
1078 3028 1124 3073 sc

107 3097 174 3162 lirm
189 3097 276 3181 apud
291 3097 464 3178 uaeeinam,
478 3099 535 3182 qui
560 3100 709 3183 ‘culpam
724 3099 760 3163 iu
774 3099 917 3163 militem'
932 3095 1121 3174 conserebat,

109 3183 276 3247 ‘seditioni
288 3185 389 3269 magis
401 3185 498 3268 quim
513 3186 621 3269 praelio
632 3196 780 3267 paratum
787 3186 804 3248 :’
818 3183 913 3248 Fabii
921 3202 1051 3267 quoque
1067 3180 1122 3245 va-

108 3267 204 3332 lentis
222 3269 322 3352 copiae
337 3270 415 3357 (jam
429 3270 517 3335 enim
530 3270 689 3335 Ticinum
702 3271 847 3357 venerat)
865 3269 969 3354 posito
983 3268 1122 3332 hostium

109 3364 283 3434 contemtu,
298 3365 329 3417 et
343 3356 552 3438 recuperandi
566 3357 691 3421 decoris
706 3356 867 3439 cupidine,
882 3353 1081 3422 reverentius
1094 3357 1121 3413 et

108 3439 263 3520 aequalihs
289 3438 374 3503 Duci
390 3441 551 3521 parebunt.
595 3443 714 3507 Gravis
736 3442 878 3526 alioquin
902 3440 1015 3506 seditio
1036 3455 1120 3505 exer·

108 3534 201 3602 serat,
215 3543 315 3607 quam
340 3524 452 3595 altiore
474 3523 566 3589 initio
590 3530 708 3613 (neque
731 3527 819 3592 enim
839 3546 947 3591 rerum
961 3545 982 3589 e
996 3518 1118 3593 (iaciat

108 3618 271 3750 pestutum
281 3607 426 3673 ordinem
447 3608 637 3694 interrumpi
659 3613 855 3697 oportuerat)
870 3622 1020 3696 repetam.
1067 3611 1120 3675 uo

134 3700 218 3753 ortes
231 3690 436 3776 Batavorum,
450 3713 531 3778 quas
545 3697 630 3760 bello
642 3698 780 3763 Neronis
794 3719 814 3763 a
827 3697 1069 3783 quartidecimi
1083 3697 1120 3760 le-
