2392 4050
82 135 241 221 adua]
349 136 811 204 Hrsuoa.Lra.Sscuuuvs.
1046 140 1089 205 65
1162 95 1170 120 Α

79 310 180 394 coegit.
224 310 389 394 Disposita
402 309 652 375 Vitellianarum
666 309 834 395 legionum
847 308 933 375 acies
946 310 1090 376 sinette-

77 396 246 477 pidatiane:
268 397 397 477 etenim,
418 415 605 480 quanquam
630 396 739 459 vicino
760 396 859 474 hosta,
875 407 1023 479 aspectus
1038 417 1088 461 ar·

77 500 193 546 morum
207 482 316 546 densis
340 483 479 632 arfastis
500 481 749 565 prohibebatur:
772 482 860 566 apud
875 482 1089 565 Othonianos,

29 633 30 640 χ
77 568 174 647 pavidi
192 570 311 648 Duces,
332 569 375 631 mi
391 589 425 631 es
440 569 589 632 Ducibus
606 565 761 648 infensus,
774 568 879 632 mixta
893 567 1046 631 vehicula
1059 581 1092 634 et

29 655 30 670 *
77 652 153 732 lixae,
168 663 199 717 et
213 656 385 737 praeruptis
398 654 561 736 utrimque
576 653 678 733 fossis,
694 656 749 716 via
767 654 876 736 quieto
889 672 1019 736 quoque
1035 674 1090 751 ag·

29 811 30 816 ἵ
75 738 302 826 miniangusta.
333 739 640 804 Circumsisterealii
660 740 754 822 signa
776 758 1000 822 sua,quaerere
1015 740 1087 804 alit:

75 822 206 889 incertus
225 826 371 907 undique
397 827 517 889 elamor
531 824 776 904 accurrentium,
791 824 1023 889 vanitantium:
1045 835 1087 908 et,

75 919 105 971 ut
119 912 234 995 cuique
249 911 387 976 audacia
400 911 453 973 vel
475 909 622 989 formido,
645 910 680 972 in
702 910 841 992 primam
855 921 1089 995 postremamve

29 1061 30 1074 ,
74 995 167 1059 aciem
181 998 443 1079 prorumpebant,
457 997 509 1058 vel
526 995 770 1059 revehebantur.

50 1049 102 1139 5<
110 1081 214 1145 XLII.
269 1082 426 1146 ttonitass
472 1080 517 1144 ita
528 1091 574 1144 ter
592 1101 647 1144 ore
660 1091 780 1145 mentes
793 1080 913 1145 falsum
926 1081 1085 1165 gaudium

29 1181 30 1230 ἒ
73 1165 102 1228 in
115 1168 270 1253 languore
327 1083 602 1315 vertitssepertid
620 1168 676 1250 qui
703 1166 898 1231 ‘descivisse
920 1167 1087 1233 aVitellio

72 1254 250 1319 exercitum'
275 1252 429 1317 ementire
468 1272 516 1315 ur.
561 1252 593 1316 Is
619 1272 738 1333 rumor,
760 1254 801 1316 ab
826 1253 1085 1335 exploratoribus

73 1336 185 1404 Vitellii
199 1340 374 1421 dispersus,
389 1358 430 1401 an
450 1338 484 1401 in
501 1338 570 1421 ipsi
588 1338 728 1403 Othonis
742 1348 841 1426 parte,
853 1357 910 1402 sau
925 1338 1009 1419 dolo,
1024 1358 1084 1404 seu

71 1405 480 1544 ianqsurrexerit)parum
503 1435 712 1507 compertum.
756 1424 885 1489 Omissa
900 1433 1021 1510 pugn'ae
1036 1444 1089 1488 ar·

70 1505 148 1588 dore,
164 1510 344 1574 Othoniani
357 1507 442 1572 ultrb
456 1511 656 1573 salutavere:
679 1520 711 1573 et
722 1509 831 1573 hostili
847 1529 1015 1573 murmure
1029 1529 1085 1574 ex·

71 1594 154 1676 cepti,
169 1596 332 1678 plerisque
345 1614 480 1658 suorum
493 1594 623 1679 ignaris,
638 1614 710 1677 quae
726 1614 825 1659 causa
835 1596 1006 1677 salutandi,
1018 1616 1086 1662 me·

70 1684 132 1742 tum
145 1680 337 1763 proditionis
351 1681 463 1743 fecere.
508 1681 601 1750 Turn
614 1682 762 1744 incubuit
777 1680 919 1745 hostiurn
929 1682 1024 1760 acies,
1036 1681 1086 1744 in-

70 1766 159 1847 tegris
173 1759 351 1844 ordinibus,
372 1768 482 1829 robore
502 1776 534 1828 et
553 1783 691 1829 numero
708 1757 924 1854 praestantior:
947 1766 1085 1830 Othoni-

70 1849 125 1927 ani,
139 1871 328 1933 quanquam
341 1850 484 1933 dispersi,
501 1851 678 1934 pauciores,
702 1850 787 1930 sessi,
811 1852 959 1934 praelium
968 1861 1084 1919 *tamen

69 1934 173 2001 acriter
184 1937 348 2000 sumsere:
370 1948 412 2015 et,
420 1956 475 2020 per
491 1938 587 2017 locos,
598 1935 762 2000 arboribus
778 1956 815 1999 ac
830 1936 937 2016 rinciq
949 1935 1084 2019 impedi·

69 2028 120 2100 tos,
138 2043 208 2087 non
223 2042 291 2086 una
301 2042 418 2107 pugnae
433 2022 548 2087 iacies:
571 2021 719 2087 cominus
733 2022 1083 2105 eminusquecatervis

69 2118 96 2170 et
108 2111 218 2172 euenis
233 2110 482 2172 concurrebant:
506 2109 540 2172 in
556 2083 747 2195 iggeffiiae
762 2109 879 2175 collato
894 2107 996 2196 gradu
1012 2129 1081 2175 cor·

67 2191 189 2272 poribus
204 2206 235 2256 et
248 2194 444 2279 umbonibus
467 2195 536 2273 niti,
557 2195 675 2258 omisso
696 2194 838 2276 pilorum
849 2193 948 2276 jactu,
963 2194 1081 2282 gladiis

68 2287 95 2338 et
118 2280 284 2343 securibus
312 2280 420 2363 galeas
447 2279 628 2361 loricasque
656 2298 879 2362 perrumpere:
909 2292 1081 2346 noscentes

67 2360 142 2509 ibntm
163 2385 207 2445 se,
222 2364 335 2428 ceteris
350 2365 525 2450 conspicui,
540 2365 575 2428 in
589 2360 744 2429 eventum
757 2364 855 2433 totius
879 2365 955 2431 belli
981 2375 1081 2431 certa·

88 2459 147 2511 ltnt.
620 2490 623 2494 ι

103 2534 223 2600 XLIII.
246 2536 344 2599 Forte
363 2535 448 2600 inter
470 2535 596 2599 Padum
617 2535 779 2617 viamque,
803 2534 922 2617 patenti
951 2555 1075 2620 campo,

65 2615 130 2680 dua
145 2620 284 2716 legiones
307 2639 485 2706 congressae
509 2631 607 2685 sunt:
629 2640 685 2703 pro
710 2620 841 2684 Vitellio
861 2621 1076 2686 unaetvieesl··

65 2722 119 2774 ma,
134 2725 187 2769 cur
201 2726 380 2792 cognomen
398 2706 539 2790 Rapaci,
555 2718 661 2771 vetere
674 2706 778 2792 gloria
793 2706 948 2792 insignis:
970 2728 988 2771 e
1004 2728 1075 2791 par·

66 2797 93 2850 te
106 2790 250 2869 Othonia,
264 2792 368 2875 prima
389 2790 550 2871 Adjurrix,
572 2811 638 2856 non
664 2793 738 2859 ante
762 2792 797 2855 in
813 2791 915 2857 aciem
929 2791 1077 2877 deducta,

67 2872 114 2936 sed
129 2875 218 2944 ferox
229 2886 260 2939 et
271 2876 348 2939 novi
362 2875 486 2939 decoris
498 2878 603 2942 avida.
647 2877 802 2956 Primani,
813 2877 918 2941 stratis
929 2879 1078 2943 unaetvi-

66 2954 292 3026 cesir'nanarum
313 2961 487 3044 principiis,
513 2963 657 3045 aquilam
683 2964 862 3027 abstulere:
883 2980 948 3044 quo
963 2962 1076 3028 dolore

67 3046 301 3131 acceusalegio,
317 3057 348 3110 et
372 3048 499 3129 impulit
523 3068 635 3112 rursus
659 3049 829 3132 primanos,
851 3047 1001 3113 intesceto
1016 3050 1078 3117 Or·

66 3129 167 3208 phidio
182 3133 330 3219 Benigno
345 3132 476 3218 Legata,
491 3143 522 3196 ct
544 3135 685 3216 plurima
707 3133 802 3218 signa
825 3132 1009 3217 vexillaque
1032 3157 1074 3203 ex

66 3211 198 3281 hostibus
213 3218 329 3300 rapuit.
372 3220 402 3282 A
416 3229 503 3301 parte
518 3220 590 3300 alit,
605 3221 755 3303 propulsa
767 3219 1000 3301 quintanorum
1014 3220 1075 3288 im·

64 3312 132 3379 peto
159 3302 375 3368 tertiadecima
404 3304 507 3388 legio:
531 3304 744 3371 circumuenti
766 3304 911 3387 plurium
932 3325 1070 3374 accursu

65 3389 338 3467 quartadecimani.
381 3389 436 3469 Et,
455 3389 602 3461 Ducibus
623 3391 761 3474 Othonis
772 3388 841 3471 jam
864 3388 989 3472 pridem
1003 3412 1075 3475 pro·

66 3466 151 3556 iugis,
171 3475 302 3539 Oaecina
321 3496 358 3540 ac
382 3476 501 3539 Valens
522 3475 673 3551 subsidiis
694 3495 770 3553 suos
786 3475 964 3539 firmabant.
1008 3479 1073 3543 Ac·

68 3558 151 3621 oessit
173 3580 284 3626 recens
308 3561 477 3642 auxilium,
503 3562 608 3626 Varus
637 3562 806 3644 Alphenus
831 3579 907 3624 cum
932 3560 1073 3640 Batavis,

65 3635 131 3704 iusi
142 3647 357 3733 gladiatorum
371 3666 481 3729 rnanu,
495 3666 605 3731 quam,
616 3647 766 3723 ,naribus
780 3651 1005 3725 transvectam,
1018 3663 1075 3726 op-
