2392 4050
14 174 16 181 l
68 210 103 275 A.
117 211 148 276 0.
162 214 226 303 aa]
335 212 486 277 Hieros.
501 209 581 274 Lre.
596 208 797 275 secessus.
1028 207 1077 292 63
1104 311 1115 336 α

14 398 15 427 ³
65 384 128 446 lete
141 383 239 447 milite
254 383 296 447 ad
307 383 520 448 mutationem
530 384 674 463 Ducum,
684 391 717 445 et
727 377 878 445 Ducibus
892 379 933 444 ob
949 380 1079 448 crebras

14 464 16 525 ῗ
63 470 222 533 seditiones
236 478 303 533 tam
318 469 468 534 infestam
482 468 633 531 militiam
647 466 904 550 aspernantibus.

103 555 271 621 XXXVII.
295 554 432 620 Invenio
459 552 546 636 apud
574 554 732 635 quosdam
760 566 917 629 auctores,
943 556 1080 633 ‘pavore

14 670 16 713 ς
66 637 142 720 belli,
164 661 219 705 seu
234 639 360 705 fastidio
374 640 543 723 utriusque
559 638 730 722 Principis,
746 656 887 722 quorum
901 635 1025 721 flagitia
1040 656 1080 706 ac

14 736 15 747 ¹
64 724 192 790 dedecus
205 727 360 810 apertiore
376 725 492 790 indies
508 724 593 789 sami
608 726 835 803 noscebantur,
847 722 1011 787 dubitiasse
1026 741 1082 788 ex·
1184 723 1185 742 ¹

14 842 16 863 2
65 812 181 891 arcitus,
195 833 286 891 num,
308 813 411 895 posito
436 811 620 891 certamine,
642 812 696 875 vel
717 809 781 893 ipsi
795 811 829 873 in
844 808 988 872 medium
1003 828 1081 873 con·
1184 883 1185 894 χ

14 916 15 971 3
64 898 217 976 saltarent,
232 899 286 961 vel
311 895 447 961 Senatui
470 896 688 981 permitterent
709 897 814 981 legere
838 895 1079 978 Imperatorem.
1184 909 1185 972 g

14 1052 15 1055 Ἴ
63 983 159 1065 Atque
173 983 210 1046 ed
226 984 336 1048 Duces
358 983 559 1046 Othonianos
577 982 719 1065 spatium
742 1001 780 1044 ac
803 999 909 1044 moras
930 979 1079 1062 suasisse,
1184 987 1185 1070 j

62 1069 214 1151 praecipui
226 1088 283 1152 spe
298 1067 429 1132 Paulini
443 1091 450 1151 3
473 1068 560 1153 qudd
573 1066 812 1131 vetustissimus
835 1066 1079 1146 Consularium,
1184 1081 1185 1110 ³

62 1163 89 1215 et
102 1154 212 1219 militiai
233 1155 349 1235 clarus,
372 1154 511 1240 gloriam
529 1172 713 1235 nomenque
735 1151 932 1216 Britannicis
948 1152 1080 1235 expedi·
1184 1175 1185 1230 3

62 1238 194 1305 tionibus
210 1240 397 1305 meruisset!
440 1240 524 1325 Ego,
550 1250 587 1303 ut
612 1237 835 1317 concesserim,
857 1235 943 1321 apud
958 1257 1080 1321 paucos
1184 1297 1185 1312 ,

14 1332 15 1339 ’
62 1326 150 1389 tacito
164 1340 239 1392 voto
252 1325 395 1408 quietem
417 1345 476 1408 pro
497 1323 667 1403 discordia,
689 1324 813 1388 bonum
827 1333 858 1386 et
872 1323 1081 1390 innocentem

63 1409 238 1495 Principem
254 1429 312 1495 pro
326 1410 472 1494 pessimis
487 1431 525 1475 ac
538 1408 797 1496 flagitiosissimis
811 1408 990 1493 expetitum
1002 1430 1010 1491 ;
1034 1410 1080 1474 ita

62 1513 159 1579 neque
175 1497 360 1576 Paulinum,
378 1497 443 1579 qui
458 1496 627 1578 prudentii
651 1494 723 1574 luit,
738 1496 891 1579 sperasse,
907 1494 1081 1578 corruptis·

62 1580 137 1645 simo
159 1584 279 1648 saeculo
295 1581 426 1646 ¹tantam
449 1582 542 1666 vulgi
568 1582 830 1659 moderationem,
854 1600 937 1659 reor,
959 1580 1080 1664 ut,qui

62 1685 165 1747 pacem
179 1668 256 1732 belli
272 1687 380 1731 amore
396 1668 612 1746 turbaverant,
627 1668 750 1730 bellum
774 1666 863 1748 pacis
878 1666 1011 1730 caritate
1026 1666 1083 1746 de·,

62 1763 229 1833 ponerent:
253 1772 358 1836 neque
384 1763 440 1816 aut
459 1753 622 1816 exercitus
648 1752 770 1837 linguis
793 1750 1000 1835 moribusque
1015 1751 1079 1815 dis·
1119 1777 1125 1788 ·

61 1857 148 1901 sonos
171 1838 206 1902 in
221 1839 311 1902 hunc
327 1858 522 1903 consensum
535 1834 678 1921 potuisse
694 1838 881 1918 coalescere,
897 1849 954 1901 aut
974 1838 1080 1923 Lega-

62 1931 104 1985 tos
118 1943 155 1987 ac
170 1926 290 2005 DuceS,
306 1925 426 2008 magni
446 1943 487 1989 ax
510 1934 599 2008 parta
623 1922 728 2002 luatis,
743 1923 903 2009 egestatis,
918 1924 1081 1989 scelerum
1184 1931 1185 1936 ’

61 2008 116 2072 sibi
129 2010 285 2092 conscios,
312 2009 375 2074 nisi
401 2011 566 2095 pollutum
590 2009 843 2094 obstrictumque
866 2008 988 2075 meritis
1010 2008 1080 2073 suis
1184 2009 1185 2079 j

61 2093 238 2178 Principem
252 2115 412 2179 passuros.
638 2093 639 2097 ’

99 2182 290 2248 XXXVIII.
313 2181 413 2245 Vetus
428 2201 465 2246 ac
484 2179 693 2263 jampridem
709 2181 805 2247 insitu
818 2180 1006 2246 mortalibus
1022 2201 1078 2266 po-

62 2268 159 2334 tentie
174 2266 293 2351 cupido
309 2287 386 2331 cum
409 2266 536 2349 imperii
560 2269 784 2352 magnitudine
808 2266 948 2332 adolevit
962 2270 1082 2352 erupit-

62 2370 128 2432 que.
172 2334 395 2417 Namlieiiai‘
404 2351 549 2432 modicis,
575 2352 739 2434 aequalitas
764 2352 859 2419 facile
882 2353 1079 2420 habebatur:

14 2436 190 2587 wi,
210 2440 344 2502 subacto
369 2441 444 2509 orbe
467 2448 499 2500 et
513 2439 637 2503 aemttlis
652 2441 785 2505 urbibus
801 2437 1008 2524 Regibusque
1023 2459 1079 2504 cx-

79 2543 103 2585 rs
134 2574 140 2598 ,
155 2544 283 2588 securas
298 2543 374 2606 opes
389 2522 615 2606 concupiscere
634 2523 860 2609 vacuumjttit,
875 2523 980 2604 prima
995 2526 1079 2589 inter

62 2607 164 2672 Patres
186 2611 376 2692 plebemque
400 2608 577 2673 certamina
602 2611 763 2676 exarsere:
787 2609 882 2672 modd
897 2610 1078 2674 turbulenti

63 2691 205 2778 Tribuni,
222 2695 317 2758 modo
332 2696 490 2760 Consules
505 2696 679 2777 praevalidi‚
691 2706 722 2759 et
733 2695 768 2759 in
780 2696 859 2758 urbe
871 2716 909 2760 ac
924 2694 993 2758 foro
1011 2706 1078 2759 ten·

63 2788 193 2844 tamenta
206 2780 355 2845 civilium
368 2781 537 2845 bellorum.
581 2781 661 2846 Mox
676 2804 694 2846 e
708 2782 800 2864 plebe
815 2781 928 2845 infimi
945 2783 981 2845 O.
1010 2781 1078 2846 Ma-

63 2861 133 2944 rius,
144 2878 174 2929 et
188 2866 349 2930 nobilium
363 2866 559 2932 sevissimus
568 2867 607 2930 L.
623 2869 724 2951 Sylla,
736 2868 857 2931 victam
871 2866 968 2931 armis
984 2868 1078 2931 liber·

63 2957 152 3014 tatem
174 2951 207 3015 io
229 2951 485 3015 dominationem
499 2963 673 3016 verterunt.
719 2954 794 3016 Post
809 2973 889 3036 quos
906 2954 966 3017 Gn.
982 2953 1079 3017 Pom-

62 3034 145 3113 peius
158 3037 324 3118 occultior,
338 3056 405 3100 non
422 3038 545 3102 melior.
589 3038 636 3101 Et
650 3058 820 3121 nunquam
830 3048 950 3120 postea,
963 3039 1025 3103 nisi
1038 3039 1078 3104 de

63 3117 238 3204 Principatu
254 3122 437 3205 quaesitum.
483 3124 556 3189 Non
571 3122 747 3189 discessere
762 3126 800 3187 ab
815 3123 911 3187 armis
927 3125 961 3187 in
977 3122 1080 3190 Pher·

14 3227 15 3252 1
64 3205 136 3267 salii
159 3229 195 3272 ac
216 3207 378 3291 Philippis
399 3207 523 3273 civium
547 3209 711 3291 legiones:
734 3209 856 3272 nedum
881 3209 1022 3274 Othonis
1038 3231 1077 3276 ac

64 3288 174 3382 Pimllii
187 3295 348 3358 exercitus
363 3306 475 3376 sponte
501 3294 635 3376 posituri
658 3294 780 3360 bellurn
798 3293 942 3359 fuerint:
963 3297 1078 3362 eadem

14 3377 15 3450 ᾗ
65 3375 131 3438 tllos
143 3379 250 3442 Deum
265 3380 323 3460 ira,
339 3380 452 3443 eadem
466 3379 638 3443 hominurn
653 3380 764 3460 rabies,
779 3380 898 3445 eaedem
915 3382 1078 3447 scelerum

65 3477 159 3524 causae
174 3466 206 3528 in
222 3464 417 3529 discordiam
430 3466 534 3551 egere.
580 3464 681 3535 Qubd
699 3466 838 3552 singulis
853 3469 943 3531 velut
958 3467 1076 3531 ictibus

66 3552 212 3613 transacta
224 3562 301 3615 sunt
317 3552 410 3630 bella,
421 3550 554 3635 ignavis
568 3550 759 3633 Principum
773 3551 894 3616 factum
908 3560 966 3614 est.
1009 3551 1076 3617 Sed

67 3647 112 3691 me
126 3645 266 3699 veterum
280 3656 504 3719 novorumque
519 3655 648 3701 morum
662 3636 963 3784 Qfflgiffl
978 3637 1075 3699 tulit:

67 3729 147 3783 nunc
160 3720 200 3788 ad
214 3742 325 3789 rerum
339 3722 487 3789 ordinem
502 3720 609 3787 venio.
