2392 4050
30 218 198 342 ΙΜΞ.69.]
326 169 475 284 Hrsroa.
491 217 571 283 Lis.
586 217 854 283 Succurras·
1003 209 1045 276 71

28 373 187 457 loramento
212 391 334 457 Vitellii
360 390 528 470 adactum'
549 389 627 453 certi
653 396 801 453 auctores
824 387 859 451 iu
884 384 1046 451 theutrum

40 479 208 557 attulerunt,
231 478 361 542 Vitellio
371 477 536 562 plausere:
559 475 699 559 popnlus
713 493 791 538 cum
805 473 901 538 lauru
913 492 951 535 ac
962 472 1046 535 flori·

41 561 90 625 bus
104 564 213 626 Galbae
229 562 387 648 imagines
401 562 526 627 circum
535 563 657 643 templs
667 560 749 639 tulit,
761 559 922 646 congestis
933 558 968 621 in
980 577 1046 621 mo·

39 646 106 711 dum
129 649 245 712 tumuli
270 646 406 727 coronis,
429 646 525 729 juxta
549 647 659 712 lacum
680 644 793 723 Curtii,
814 663 914 728 quem
935 644 1048 708 locum

28 733 129 797 ¹Gndba
151 732 292 798 moriens
313 733 473 819 sanguine
498 730 661 796 iniecerat
705 732 745 795 la
768 731 891 796 Senatu
919 720 1071 821 cadomi,

38 818 130 905 longis
144 819 284 883 aliorum
297 819 535 901 Principatibus
548 816 734 901 composita,
749 816 856 880 statim
868 813 1048 880 decemun·

38 911 90 966 tur.
130 904 254 968 Additoe
271 912 368 988 ‘erga
383 903 594 968 Germanicos
614 903 773 967 exercitus
794 900 916 982 laudes,
929 910 1048 987 grates-

40 992 109 1069 que,’
121 1000 151 1053 et
164 989 265 1053 missa
281 983 408 1075 legstio,
422 1009 496 1072 quae
510 987 631 1075 gaudio
653 986 849 1073 fungeretur.
892 986 1047 1051 Recitatis

41 1073 121 1137 Fabii
136 1075 283 1140 Valentis
303 1075 455 1158 epistolae,
469 1074 510 1138 ad
525 1075 683 1138 Consules
697 1072 820 1156 scriptae
833 1071 923 1136 haud
936 1072 1048 1138 immo-

40 1156 153 1253 derate:
175 1162 297 1247 gratior
321 1161 459 1225 Coecinae
484 1159 640 1224 modestia
664 1158 735 1239 fuit,
750 1157 837 1240 qubd
857 1178 925 1223 non
949 1158 1048 1242 scrip-

40 1256 126 1309 sisset.

69 1329 143 1395 LVI.
165 1331 317 1396 (ictorum
330 1330 562 1416 ltaliagravius
573 1342 668 1413 atque
679 1328 825 1410 atrocius,
837 1334 938 1413 quim
949 1328 1046 1409 bello,

38 1414 249 1483 afflictabatur:
273 1417 472 1499 dispcrsiper
485 1415 704 1498 municipiaet
715 1417 858 1480 colonias
868 1415 1046 1495 Vitelliani,

41 1500 168 1583 spoliare,
183 1523 307 1587 rapere,
322 1504 355 1567 vi
369 1513 400 1565 et
413 1502 533 1585 stupris
547 1503 708 1584 polluere:
724 1501 757 1563 in
772 1500 929 1566 omacius
944 1499 1062 1599 nesasq

41 1604 92 1665 que
104 1587 186 1651 avidi
201 1600 261 1653 aut
278 1589 414 1668 venales,
426 1607 493 1651 non
504 1605 605 1664 sacro,
618 1605 684 1649 non
695 1587 827 1669 protano
836 1586 1047 1651 abstinebant.
1061 1614 1067 1632 ·

43 1669 78 1732 Et
89 1670 181 1753 sucre,
196 1677 256 1757 qui
272 1673 419 1737 inimicos
433 1693 518 1753 suos,
532 1670 637 1756 specie
656 1671 807 1751 militum,
821 1671 1046 1736 interficerent.

45 1753 154 1839 Ipsique
182 1760 313 1836 milites,
342 1759 512 1843 regionum
539 1756 643 1843 gnari,
672 1757 802 1821 refertos
834 1776 937 1843 agros,
966 1757 1047 1821 dites

45 1839 181 1925 dominos,
196 1846 232 1910 in
249 1843 401 1927 praedsm,
409 1834 762 1992 Wepugmmm
782 1843 872 1920 foret,
896 1840 936 1905 ad
962 1842 1048 1906 exci-

48 1923 123 1991 dium
141 1930 407 2010 dcstinabant;o
521 1948 536 1991 s
561 1928 710 1992 Ducibus
734 1937 766 1991 et
790 1927 959 2011 prohibere
981 1946 1048 1992 nou

47 2012 135 2080 ausis:
150 2017 260 2082 minus
272 2014 411 2081 avaritia
421 2014 454 2078 in
467 2012 606 2093 Caeoind,
617 2014 692 2098 plus
703 2012 904 2078 ambitionis:
920 2014 1047 2094 Valens,

47 2098 221 2166 oblucraet
242 2111 387 2185 quaestus
409 2100 548 2180 infamis,
563 2100 666 2182 ebque
689 2099 801 2166 aliena
823 2100 920 2164 etiam
942 2101 1048 2182 culpa

47 2180 258 2252 dissimulator.
302 2187 375 2251 Jsm
394 2184 518 2269 pridem
542 2187 656 2251 attritis
679 2185 782 2249 ltaliae
797 2185 901 2266 rebus,
922 2195 1050 2249 tantum

46 2268 172 2347 peditum
185 2269 407 2357 equitumque,
422 2272 473 2336 vis
486 2270 668 2354 damnaque
682 2281 713 2335 st
726 2270 864 2357 injuria,
873 2273 959 2359 aegre
973 2273 1050 2335 tole·

48 2355 194 2422 ibantur.

27 2373 175 2541 §Luta
197 2443 333 2508 Interim
354 2441 513 2521 Vitellius,
534 2440 677 2505 victoriae
701 2460 769 2506 suaa
793 2441 932 2522 nescius,
946 2451 983 2506 ut
1008 2440 1050 2504 sd

46 2529 482 2614 integrumbellum,reliques
493 2527 1050 2592 Germaniciexercitdsvirestrahe·

27 2607 98 2712 ‚bat
138 2615 241 2680 Pauci
255 2624 402 2678 veterum
416 2613 556 2677 militum
570 2613 604 2675 in
619 2613 773 2696 hybernis
794 2612 907 2692 relicti,
923 2611 1050 2676 festina·

46 2693 79 2756 tis
90 2716 142 2779 per
158 2698 284 2765 Gallias
307 2699 543 2778 delectibus,ut
557 2698 792 2762 remanentium
813 2698 980 2783 legionum
994 2717 1051 2761 no-

27 2781 124 2848 tmina
135 2787 369 2870 supplerentur.
413 2786 500 2849 Cura
523 2784 600 2867 ripae
626 2783 812 2848 Hordeonio
837 2786 956 2850 Flacco
981 2801 1050 2867 per·

46 2867 147 2935 missa:
170 2873 267 2955 ipsee
283 2869 468 2933 Britannico
479 2870 605 2933 delectu
617 2880 687 2935 octo
700 2870 802 2933 millia
812 2869 872 2934 sibi
883 2868 1050 2950 adjunxit:

46 2962 79 3031 et,
102 2975 279 3037 paucorum
306 2955 434 3019 dierum
461 2955 518 3019 iter
544 2974 738 3041 progressus,
755 2962 938 3038 ‘prosperos
965 2952 1051 3038 apud

44 3034 226 3106 Bedriacum
238 3061 298 3120 res,
314 3062 352 3104 ac
367 3051 466 3104 morto
486 3040 624 3104 Othonis
645 3040 823 3105 concidisse
845 3040 985 3119 bellum‚’
1000 3059 1051 3103 ac·
1096 3046 1100 3055 '

45 3125 126 3205 cepit.
167 3127 288 3191 Vocati
302 3128 466 3205 concione,
480 3125 640 3207 virtutem,
661 3125 803 3191 militum
824 3124 975 3189 laudibus
996 3145 1051 3190 cn·

45 3211 146 3275 mulst.
190 3213 377 3277 Postulante
391 3211 544 3291 exercitu,
560 3219 615 3277 ‘nt
640 3213 790 3276 libertum
810 3230 916 3289 suum,
936 3211 1052 3276 Asiati·

47 3312 124 3377 cum,
135 3298 286 3381 Equestri
296 3298 460 3394 dignitatc’
471 3296 613 3378 donaret,
623 3298 825 3361 inhonestam
834 3295 1052 3379 adulationem

45 3384 241 3465 compescuit.
284 3385 379 3456 Dcm.
394 3383 568 3447 mobilitate
583 3383 715 3469 ingenii,
727 3381 813 3466 quod
825 3383 939 3465 polim,
951 3385 1052 3448 abnu·

45 3478 114 3546 erat,
128 3469 206 3535 inter
220 3482 341 3534 secreta
354 3468 497 3532 convivii
513 3469 666 3553 largitur3
689 3468 922 3551 honoravitque
938 3470 1053 3534 Asiati-

48 3556 266 3645 tumannulis,
280 3553 403 3619 foedum
423 3555 623 3638 mancipium
636 3566 668 3618 et
690 3554 783 3619 malis
808 3554 929 3618 artibus
953 3554 1052 3619 ambi·
1121 3630 1125 3639 ¹

50 3643 166 3704 trosum.
562 3663 564 3668 ·
672 3659 673 3662 ’

87 3721 196 3791 Luni.
219 3724 340 3791 Iisdem
366 3724 489 3805 diebus,
518 3725 689 3788 accessisse
716 3721 861 3807 partibus
883 3712 1052 3799 utramque
