2392 4050
406 653 444 718 o.
466 652 686 719 cosanum
707 652 870 720 rreum

307 839 354 931 H
378 842 400 933 Ι
424 840 456 932 8
479 841 518 935 Τ
542 843 583 934 O
608 842 650 932 R
675 840 697 931 Ι
721 844 765 934 Α
789 844 830 934 R
855 843 899 937 U
922 841 973 932 M

465 1063 592 1125 LIBER
613 1063 807 1126 TERTIUS.

523 1258 757 1270 *a

386 1405 700 1453 summatum
729 1406 889 1453 LIBRI.

128 1555 188 1618 Cap.
202 1558 224 1604 1.
240 1554 360 1604 Flavitmis
371 1554 401 1602 de
411 1556 503 1602 ratione
513 1552 568 1600 belli
578 1552 762 1603 dehberantrbus
771 1571 863 1604 moram
874 1557 921 1614 alii,
932 1557 956 1604 2.
973 1557 1133 1604 festinationem

160 1621 279 1669 Antonius
293 1619 388 1666 Primus
399 1618 492 1675 suadet,
504 1618 526 1664 3.
544 1625 569 1664 et
579 1618 677 1665 obtinet.
709 1620 733 1666 4.
750 1619 863 1668 Proxima
880 1621 950 1668 Corn.
962 1621 1037 1669 Fusci
1048 1621 1133 1668 aucun·

160 1693 207 1734 tas.
240 1685 262 1732 5.
279 1683 401 1744 Principes
412 1682 575 1729 Sarmatamm
591 1680 711 1743 Jazygum
728 1685 753 1732 in
768 1685 932 1732 commilitium
943 1686 1020 1732 asciti.
1053 1685 1105 1732 Sido
1113 1690 1133 1730 et

160 1747 258 1797 Italicus
269 1748 404 1796 Suanorum
416 1745 500 1805 Reges
516 1747 585 1792 tracti
602 1746 627 1793 in
639 1754 727 1806 partes.
759 1749 784 1805 6,
802 1749 824 1795 7.
839 1750 952 1807 Antonio,
971 1749 1065 1797 Italiam
1080 1750 1134 1796 iura

160 1814 234 1871 denti,
245 1827 328 1861 comes
345 1819 382 1859 est
399 1811 482 1858 Arrius
493 1809 579 1856 Varus.
611 1809 703 1858 Multas
719 1812 791 1859 urbes
808 1821 935 1873 occupant.
967 1815 992 1861 8.
1009 1813 1133 1860 Veronait

160 1877 216 1925 belli
231 1878 309 1925 sedes.
342 1875 425 1923 Moras
441 1872 529 1923 trustra
545 1881 587 1920 aut
604 1869 660 1922 serb
677 1883 775 1923 nectunt
785 1876 948 1937 Vespasianus
965 1885 991 1924 et
1008 1877 1131 1924 Mucianus

160 1945 184 1991 9.
202 1941 298 1990 Interim
308 1940 389 1988 Duces
399 1939 488 1986 mutuis
499 1937 605 1999 epistolis
615 1938 703 1986 bellum
714 1947 807 1998 gemat.
842 1942 879 1988 10.
897 1940 926 1988 Τ.
938 1942 1043 2002 Ampius
1055 1940 1134 1987 Flavia·

160 2018 215 2064 trus,
226 2007 293 2055 militi
304 2010 440 2065 suspectus,
451 2004 482 2051 ab
491 2002 596 2050 Antonio
606 2010 722 2051 servatur.
756 2006 794 2052 11.
810 2004 858 2053 Hic
871 2005 969 2053 alteram
980 2019 1075 2065 quoqne
1084 2003 1133 2052 sedi·

160 2072 258 2128 tiouem,
270 2070 323 2117 odio
333 2069 419 2129 Aponii
430 2066 549 2127 Saturnini
560 2074 645 2125 ortam,
664 2070 804 2129 comprimit.
838 2072 875 2117 12.
892 2069 1001 2116 Lucilius
1012 2070 1105 2125 Bassus⁸
1114 2075 1133 2114 et

162 2135 200 2192 13,
213 2136 250 2181 14.
267 2134 371 2188 Cercina,
383 2146 398 2179 a
408 2131 502 2178 Vitellio
512 2130 659 2189 deficientes,
677 2146 692 2177 a
708 2134 820 2181 militibus
830 2134 880 2182 suis
891 2134 1049 2193 conjiciuntur
1062 2135 1084 2180 in
1093 2133 1134 2179 riu·

160 2200 222 2245 cula.
258 2197 295 2245 15.
311 2196 438 2243 Ib'scordes
452 2194 590 2242 Vitellianos
608 2195 637 2242 ad
654 2196 797 2246 Bedriacum
813 2198 909 2258 aggredi
925 2199 1010 2244 statuit
1019 2198 1132 2245 Antonius.

161 2263 199 2309 16.
214 2261 336 2310 Aviditate
352 2258 470 2306 navandae
487 2270 565 2319 operm
583 2261 667 2307 Arrius
684 2259 763 2308 Varus
780 2276 831 2309 rem
847 2262 872 2309 in
888 2262 1016 2309 discrimen
1036 2262 1133 2316 adducit;

161 2326 200 2373 17.
216 2339 272 2374 eam
291 2323 409 2372 Antonius
431 2322 566 2371 constantia
586 2331 612 2371 et
632 2324 719 2372 virtute
740 2326 849 2383 restituit,
868 2327 906 2372 18.
929 2326 1033 2376 victoria
1052 2326 1131 2387 potitur·

161 2392 199 2438 19.
215 2388 366 2451 Vespasiani,
377 2388 408 2436 cd
418 2388 479 2444 freti,
490 2386 633 2435 Cremonam
648 2403 786 2449 expugnare
796 2390 934 2450 deposcunt
966 2390 1006 2435 99.
1024 2387 1134 2438 Inconsul-

159 2462 211 2501 tum
222 2467 305 2500 eorum
316 2452 422 2500 ardorem
432 2450 519 2499 trasna
529 2452 615 2499 retinet
629 2453 755 2500 Antonius.
788 2457 827 2501 21.
844 2452 892 2500 Sed
910 2452 1062 2502 adventantis
1071 2451 1134 2500 bostis

159 2525 234 2565 terror
243 2518 377 2565 obstructas
391 2524 485 2564 mentes
499 2516 603 2563 consiliis
618 2515 692 2564 Ducis
709 2518 793 2578 aperita
824 2517 925 2564 29-25.
941 2516 1055 2565 Praelium
1069 2526 1133 2571 atrum

159 2596 257 2642 anceps.
289 2580 407 2628 Antonius
418 2580 507 2642 egregii
517 2579 591 2628 Ducis
601 2581 684 2627 munia
693 2581 783 2641 immet,
794 2582 917 2629 victoriam
925 2582 1008 2628 aufert.
1043 2581 1131 2629 26-33-
1174 2601 1175 2648 p

98 2649 101 2658 '
160 2645 278 2693 Cremona
288 2645 383 2701 obessa,
390 2647 472 2705 capta,
479 2652 594 2701 cremata,
605 2645 644 2691 34.
660 2653 745 2705 postea
752 2646 869 2693 restituto.
901 2644 939 2692 35.
955 2645 1034 2693 Victae
1040 2647 1133 2705 legiones
1174 2651 1175 2660 ¹

160 2709 279 2770 dispersa).
1174 2713 1175 2716 ’

127 2775 166 2823 86.
181 2772 290 2822 Vitellius
301 2772 360 2819 luxu
375 2778 460 2832 torpet.
493 2772 531 2818 37.
548 2770 577 2819 Iu
593 2772 677 2819 urbem
693 2780 805 2819 revectus
821 2772 941 2820 Cercinam
951 2770 1132 2829 condemuat3ei

159 2836 262 2885 Rosium
272 2835 395 2894 Reguhrm
404 2836 429 2883 in
439 2850 514 2883 unum
520 2836 584 2883 diem
590 2836 720 2883 Consulem
728 2838 820 2884 sufficit.
854 2838 892 2893 38,
902 2838 940 2885 39.
957 2836 1045 2885 Junins
1053 2838 1133 2885 Blaesus

158 2902 241 2949 fraude
252 2899 280 2948 L.
292 2900 380 2948 Vitellii
390 2914 484 2947 veneno
495 2900 589 2947 tollitur.
622 2902 662 2958 40,
673 2903 712 2948 41.
729 2901 817 2949 Fabius
827 2901 918 2947 Valens
928 2901 1022 2948 libidine
1034 2909 1058 2949 et
1072 2912 1133 2946 cunc

159 2967 248 3013 tatione
258 2961 438 3012 Vitellianorum
448 2978 486 3011 res
502 2965 593 3011 subruit
610 2971 651 3021 eat
661 2967 700 3012 42.
717 2964 837 3012 Flavianis
853 2965 946 3011 Italiam
965 2966 1134 3025 occupantibus.

158 3032 198 3078 43.
215 3030 245 3077 ad
267 3028 406 3076 Stoechadas
427 3027 528 3086 delatus,
546 3029 645 3090 eapitur.
688 3031 727 3077 44.
750 3030 883 3089 Hispanias,
901 3029 993 3087 Gallie,
1014 3028 1132 3081 Bataua,
1173 3035 1175 3050 ¹

158 3102 247 3142 crtncta
257 3094 287 3141 ad
297 3093 439 3153 Vespasiani
449 3107 508 3153 opes
524 3107 650 3141 conversa.
682 3094 721 3141 45.
738 3093 829 3140 Turbat
845 3102 927 3141 tamen
941 3093 1085 3141 Britanniam
1094 3091 1134 3137 Ve-

158 3158 247 3207 nutius.
280 3157 617 3217 Ibivaridsortepugnatum.
643 3160 682 3206 46.
699 3157 907 3217 Turbataquoque
915 3157 1051 3205 Germania
1071 3155 1133 3203 Mota

159 3230 185 3270 ct
194 3222 314 3269 Daconun
325 3236 393 3281 gens,
405 3220 545 3267 aMuciano
556 3236 588 3269 ex
599 3222 696 3270 Oriente
707 3223 803 3278 reduce,
814 3236 931 3281 repressa.
963 3223 1003 3279 47,
1015 3224 1053 3270 48.
1084 3218 1133 3267 Ani·

158 3294 228 3333 cetus
246 3285 382 3333 Polemonis
393 3286 498 3340 libertus,
508 3283 613 3333 Pontum
630 3287 752 3343 infestans,
766 3287 863 3345 capitur.
896 3285 1060 3346 Vespasianus
1069 3285 1134 3331 Alex·

159 3350 265 3397 andriam
281 3351 365 3410 pergit,
382 3355 409 3396 ut
425 3348 509 3394 urbem
525 3349 588 3395 same
605 3358 698 3409 urgeat.
730 3352 769 3397 49.
786 3350 912 3406 Antonius,
930 3357 984 3408 post
1001 3350 1132 3397 Cremonam

159 3415 288 3473 superbior,
308 3414 346 3460 50.
363 3420 454 3472 partem
471 3411 592 3471 copiarum
611 3413 712 3460 Veronae
727 3414 844 3473 relinquit,
861 3422 953 3474 partem
969 3415 994 3459 in
1004 3413 1132 3460 Vitellianos

159 3477 262 3536 expedit.
296 3477 333 3522 51.
351 3474 474 3521 Nefarium
484 3474 577 3521 lacinus
587 3477 676 3532 militis,
687 3478 718 3523 ob
728 3478 834 3524 occisum
849 3491 864 3523 a
875 3491 902 3524 se
912 3477 1008 3524 fratrem
1018 3477 1132 3537 praemium

158 3539 268 3597 petentis.
302 3539 340 3584 52.
358 3535 543 3583 Festinationem
554 3539 652 3584 Antonii
671 3540 733 3598 apud
743 3540 919 3599 Vespasianum
935 3541 1071 3587 criminatur
1085 3538 1133 3586 Mu·

158 3601 249 3646 cianus.
282 3600 321 3647 53.
337 3599 362 3645 Is
369 3596 500 3656 jactantius
511 3598 582 3657 quam
591 3602 622 3647 ad
632 3601 766 3662 Principem
776 3604 856 3650 literas
866 3605 994 3665 componit,
1001 3605 1132 3651 Mucianum

157 3662 296 3708 insectatus.
329 3661 387 3707 Inde
397 3673 483 3718 graves
494 3660 588 3709 Ducum
597 3664 737 3713 simultates.

125 3722 164 3772 54.
180 3722 289 3773 Vitellius
298 3725 372 3773 stulti
381 3722 566 3775 msimuauone
577 3726 651 3775 cladis
663 3728 693 3776 ad
704 3728 847 3780 Cremonam
856 3730 963 3779 remedia
971 3731 1089 3780 malorum
1098 3727 1134 3777 ‹lii-
