2392 4050
28 246 30 275 ἴ
101 194 135 258 Δ.
149 196 258 284 utu]
387 194 538 261 Hieron.
554 195 633 261 Lra.
648 195 801 261 Paruus.
1054 194 1098 261 39

100 366 235 449 projectis
248 366 437 451 insignibus,
451 366 550 434 vitati
565 367 721 433 comitum
730 376 761 430 et
775 384 942 433 servorum
955 366 1101 451 frequen·

98 450 145 532 aa,
158 473 246 518 senes
259 454 471 536 foemiuaeque,
490 472 547 537 per
561 456 717 533 tenebras,
731 452 858 518 diversa
872 454 959 518 urbis
978 454 1100 536 itinera,

28 570 30 623 ,
98 540 154 601 rari
166 540 284 620 domos,
298 539 430 624 plurimi
444 540 624 604 amicorum
638 549 728 619 tecta,
743 548 784 621 et,
797 550 834 604 ut
847 539 966 623 cuique
982 539 1101 605 humil·

28 638 30 693 ξ
97 621 185 688 limus
199 625 309 705 cliens,
319 625 455 689 incertas
465 627 600 690 latebras
609 625 758 708 petivere.

62 708 109 805 dd
136 709 309 775 LXXXII.
332 709 476 776 Militum
489 711 627 795 impetus
641 729 682 774 ne
703 711 825 775 loribus
838 708 970 794 quidem
992 709 1101 793 palatii

99 795 256 876 coercitus,
278 796 343 879 qub
368 795 485 860 minus
499 797 689 861 convivium
712 797 936 879 irrumperent,
958 795 1101 861 ‘ostendi

97 879 151 943 sibi
176 883 344 946 Othonem’
366 883 622 965 expostulantes:
644 883 812 947 vulnerato
834 882 923 946 Julic
944 881 1101 962 Martiale,

28 978 29 983 ’
99 963 247 1047 Tribuuo,
269 977 302 1031 et
323 966 451 1032 Vitellio
472 968 657 1047 Saturnino,
681 966 833 1033 Praefecto
857 967 1000 1053 legionis,
1022 966 1104 1032 dum

97 1052 254 1116 ruentibus
277 1054 445 1117 obsistunt.
488 1052 640 1137 Undique
662 1072 751 1118 arma
770 1062 802 1117 et
821 1052 927 1133 mma,
949 1052 1044 1118 modb
1066 1053 1102 1119 in

98 1137 301 1202 Centuriones
317 1139 554 1222 Tribunosque,
570 1138 666 1202 modb
680 1138 714 1203 in
726 1138 884 1204 Senatum
894 1138 1101 1207 universum:

97 1221 261 1305 lymphatis
276 1243 362 1288 caeco
375 1241 493 1308 pavore
508 1224 633 1303 animis,
657 1235 697 1305 et,
719 1224 797 1307 quia
815 1223 977 1288 neminem
996 1244 1103 1290 unum

95 1305 243 1373 destinare
257 1310 312 1374 ira
326 1319 479 1393 poterant,
502 1310 667 1376 licentiam
687 1310 722 1374 in
745 1326 857 1374 omues
878 1310 1101 1392 poscentibus:

96 1389 186 1458 donec
200 1394 296 1476 Otho,
311 1406 423 1460 contra
435 1396 534 1460 decus
549 1394 688 1479 Imperii,
702 1406 770 1460 toro
784 1394 943 1475 insistens,
955 1397 1102 1480 precibus

28 1510 30 1549 ;
95 1486 124 1538 et
135 1479 283 1563 lacrymis
297 1481 382 1566 regri:
397 1481 557 1546 cohibuit:
579 1481 804 1564 redieruntque
825 1479 860 1544 in
879 1491 983 1544 castra
997 1480 1101 1562 iuviti,

96 1580 191 1646 neque
205 1565 402 1630 innocentes.
446 1558 577 1631 Postera
590 1565 652 1649 die,
667 1568 757 1631 velut
770 1564 862 1648 capti
878 1566 968 1646 urbe,
982 1568 1101 1631 clause

96 1645 221 1716 domus:
242 1671 336 1715 rarus
348 1671 404 1735 per
418 1654 488 1716 vias
501 1652 658 1737 populus;
679 1662 795 1739 nroesta
807 1650 915 1733 plebs;
938 1650 1051 1733 dejecti
1066 1653 1102 1718 in

96 1741 202 1800 terram
213 1736 354 1810 militum
365 1738 484 1817 vultus,
499 1757 537 1802 ac
551 1738 625 1819 plus
637 1736 777 1817 tristitia,
788 1738 887 1820 quim
896 1737 1100 1819 poenitentiae.

98 1816 317 1903 Manipulatim
330 1823 460 1887 allocuti
480 1833 558 1886 suut
578 1821 726 1887 Licinius
745 1822 902 1887 Proculus
925 1833 956 1886 et
977 1822 1102 1888 Plotius

98 1902 227 1988 Firmus,
245 1906 401 1987 Praefecti,
414 1928 456 1972 ex
469 1928 529 1972 suo
543 1907 679 1991 quisque
694 1907 824 1991 ingenio
838 1905 946 1971 mitius
959 1917 1017 1971 aut
1029 1907 1101 1972 hor·

97 1988 194 2057 ridibs.
237 1992 333 2058 Finis
346 1993 502 2058 sermonis
515 1994 551 2058 in
576 2011 625 2074 eo,
641 2003 677 2057 ut
690 1993 791 2077 quina
810 1991 914 2057 millia
933 1991 1102 2060 nummum

97 2074 224 2163 siugulis
249 2078 407 2144 militibus
431 2087 687 2144 numerarentur.
745 2080 837 2143 Tum
861 2078 948 2143 Otho
976 2078 1101 2165 ingredi

97 2173 189 2227 castra
209 2184 327 2242 ausus:
350 2174 446 2247 atque
465 2165 561 2231 illum
582 2164 725 2229 Tribuni
748 2165 1021 2247 centurionesque
1041 2164 1101 2228 cir·

96 2250 286 2332 cumsistunt,
301 2249 430 2330 abjectis
441 2251 564 2314 militie
576 2249 766 2336 insignibus,
782 2250 901 2315 ‘otium
914 2260 946 2313 et
955 2251 1100 2316 salutem’

96 2330 275 2417 flagitantes.
319 2336 427 2400 Sensit
445 2335 611 2400 invidiam
631 2336 732 2418 miles,
747 2345 779 2399 et
792 2336 985 2419 compositus
998 2336 1031 2400 in
1046 2336 1100 2400 ob
1166 2391 1168 2396 ,

95 2419 243 2567 chqium,
259 2426 422 2487 ‘auctores
437 2420 603 2485 seditionis
618 2420 659 2484 ad
672 2420 876 2505 supplicium’
886 2421 971 2486 ultrb
992 2429 1099 2506 postu·

109 2523 126 2567 a
163 2517 183 2569 t.

133 2590 323 2658 LXXXIII,
346 2590 441 2671 Otho,
463 2610 649 2674 quanquam
661 2589 794 2656 turbidis
808 2590 903 2656 rebus
919 2603 951 2656 et
964 2590 1099 2656 diversis

95 2674 227 2741 militum
237 2678 362 2758 animis,
375 2678 447 2742 crim
457 2677 596 2760 optimus
607 2677 742 2761 quisque
759 2675 953 2742 ‘remedium
963 2696 1100 2761 praesen·

96 2760 131 2823 tis
151 2763 293 2826 licentiee’
315 2772 476 2845 posceret,
499 2764 620 2847 uulgus
641 2774 673 2827 et
697 2764 813 2845 plures,
836 2762 1045 2827 seditionibus
1067 2772 1100 2826 et

28 2853 29 2936 ,
95 2847 251 2911 ambitioso
266 2849 403 2931 Imperio
418 2848 492 2928 laeti,
516 2849 703 2930 perturbas
726 2859 758 2912 et
780 2860 888 2932 raptus
910 2847 1034 2913 facilius
1058 2847 1100 2912 ad

28 2939 29 2944 ’
95 2931 183 2996 civile
197 2935 319 2998 bellum
340 2934 597 3017 impellerentur:
621 2933 718 2996 simul
742 2945 901 3016 reputem,
921 2953 985 2998 non
1008 2952 1100 3016 posse

28 3035 30 3104 ’ἰ
95 3015 314 3102 Principatum,
330 3020 449 3083 scelere
463 3018 642 3100 quaesitum,
657 3020 762 3082 subita
777 3018 931 3082 modestia
952 3029 984 3083 et
993 3017 1099 3101 prisci

95 3105 240 3183 gravitate
254 3105 402 3185 retineri,
425 3103 482 3167 sed
496 3103 680 3168 discrimine
694 3106 790 3183 urbis,
806 3113 837 3168 et
847 3104 990 3187 periculo
1001 3104 1100 3168 Sena·

95 3188 140 3249 tis
160 3192 283 3270 anxius,
305 3190 464 3273 postremi)
489 3190 534 3252 ita
556 3189 713 3253 disseruit.
758 3191 889 3271 ‘Neque
910 3200 947 3253 ut
967 3190 1098 3255 affectus

95 3283 207 3340 vestros
221 3277 253 3340 in
271 3294 414 3339 amorem
428 3276 490 3340 mei
506 3274 722 3353 accenderem,
738 3274 979 3356 commilitones,
994 3295 1098 3358 neque

94 3366 128 3420 ut
140 3360 282 3426 animum
295 3360 337 3424 ad
351 3361 504 3425 virtutem
517 3362 697 3425 cohortarer
711 3364 858 3447 (utraque
871 3363 958 3426 enim
971 3362 1098 3447 egregie

95 3448 269 3533 supersunt)
283 3446 340 3510 sed
355 3446 430 3511 veni
446 3448 665 3529 postulaturus
680 3447 803 3510 arabis
815 3457 1099 3529 temperamentum

94 3541 196 3593 restra
211 3531 415 3612 fortitudinis,
430 3544 461 3595 at
472 3552 548 3617 erga
560 3552 610 3594 me
622 3529 756 3595 modum
766 3531 914 3595 caritatis.
959 3533 1097 3594 Tumul-

94 3613 138 3678 tus
151 3618 288 3699 proximi
302 3616 442 3696 initium,
458 3638 525 3682 non
539 3616 713 3699 cupiditate
729 3618 782 3680 vel
797 3615 878 3695 odio,
893 3635 964 3697 quae
979 3616 1097 3677 multos

94 3703 243 3769 exercitus
257 3705 293 3769 in
307 3702 500 3769 discordiam
512 3702 616 3788 egere,
631 3721 670 3766 ac
683 3720 725 3766 ne
736 3700 960 3766 detrectatione
967 3696 1098 3780 quidem
