2392 4050
43 218 200 308 labb]
249 223 253 231 '
306 218 461 283 'Hrsuora
475 216 555 283 Lra.
570 219 757 290 Quassus.
972 221 1038 287 155*
1148 195 1152 202 ’

75 391 223 458 XXXVI.
244 390 376 455 Interim
390 389 506 456 civilis
520 392 635 457 Vetera
646 390 871 456 circumsedit.
912 391 1040 458 Vocula

42 477 208 541 Geldubam
222 486 316 560 atque
331 475 406 541 inde
420 477 598 543 Noveaium
611 478 777 542 concessit.
821 475 937 541 Civilis
952 480 1039 561 capit

39 562 212 627 Geldubam.
255 563 346 642 Mox,
366 562 456 626 haud
469 557 582 647 procul
604 562 754 645 Novesio,
776 563 914 646 equestri
928 564 1038 648 praeli0

39 650 171 731 prospere
193 648 335 714 certavit.
378 648 444 712 Sed
468 649 561 716 miles
582 647 733 713 secundis
758 647 965 732 adversisque
987 668 1040 732 pe

39 733 115 797 rinde
126 734 159 799 in
170 735 307 799 exitium
317 735 451 799 Dueuut
462 733 703 798 accendebatur.
739 733 783 798 Et
794 734 935 798 adventu
946 734 1040 817 quin·

38 829 169 886 tenorum
183 820 603 903 quintadecimanorumque
618 831 718 884 auctae
731 818 883 901 legiones,
899 819 1040 884 ‘donati-

39 907 115 969 uum’
134 916 323 989 exposcunt,
336 916 506 988 comperto,
529 905 702 987 pecuniam
715 925 735 968 a
749 905 879 969 Vitellio
898 904 1039 970 missam.

39 990 95 1055 Nec
108 990 162 1055 diu
178 1001 358 1072 cunctatus,
373 990 578 1054 Hordeonius
593 991 724 1053 nomine
738 989 926 1075 Vespasiani
940 990 1039 1055 dedit.

38 1075 124 1159 ldque
138 1077 339 1160 praecipuum
362 1074 425 1142 fuit
448 1075 614 1139 seditionis
638 1076 837 1140 alimentum.
881 1075 988 1140 Effusi
1003 1077 1040 1142 in

37 1160 139 1226 lururu
151 1174 182 1226 et
195 1163 318 1245 epulas,
332 1173 363 1225 et
377 1171 551 1226 nocturnos
566 1171 679 1241 coetus,
690 1172 830 1225 veterem
845 1163 880 1226 in
894 1160 1039 1228 Hordeo·

38 1246 117 1311 nium
127 1248 209 1311 iram
220 1259 395 1311 renovant:
417 1248 765 1331 neculloLegatoruru
775 1247 1041 1312 Tribunorumve

38 1332 173 1397 obsistere
188 1353 278 1413 auso,
306 1333 437 1483 qquippe
451 1352 581 1396 omnem
602 1330 758 1416 pudorem
779 1351 846 1397 nox
866 1333 1041 1419 ademerat)

36 1429 218 1499 protractum
232 1438 250 1481 e
265 1439 306 1482 cu
331 1419 365 1482 ili
375 1418 582 1483 interficiunt.
626 1418 753 1483 Eadem
766 1420 800 1482 in
813 1419 969 1484 Voculam
986 1439 1042 1503 pa-

39 1504 182 1586 rabantur,
207 1504 269 1568 uisi
284 1505 391 1569 servili
406 1503 528 1585 habitu,
549 1523 605 1588 per
619 1505 774 1584 tenebras,
789 1505 954 1591 ignorabis
968 1525 1042 1569 eva·

40 1588 125 1653 sisset
156 1592 230 1670 Ubi,
243 1590 351 1653 sedato
363 1590 494 1671 impetu,
509 1600 614 1654 metus
626 1590 727 1671 rediit,
740 1590 954 1655 Centuriones
965 1611 1043 1655 cum

36 1673 162 1755 epistolis
176 1676 218 1739 ad
233 1676 376 1740 civitates
391 1674 573 1739 Galliarum
588 1674 712 1756 msera,
736 1674 860 1741 auxilia
873 1696 912 1739 ac
924 1676 1042 1759 stipen-

39 1757 249 1830 diaoraturos.

74 1846 246 1913 XXXVII.
267 1843 343 1928 Ipsi,
357 1856 394 1908 ut
407 1854 455 1909 est
470 1846 590 1941 vulgus
604 1846 675 1909 sine
689 1855 810 1911 rectore
824 1865 974 1930 preceps,
988 1866 1043 1929 pa·

40 1929 146 2015 vidum,
161 1950 281 2012 socors,
296 1930 487 1995 adventante
503 1930 618 2009 Orvile,
641 1932 739 2014 raptis
753 1932 871 1995 temere
886 1931 984 1995 armis
1005 1951 1043 1996 ac

39 2018 132 2083 statim
146 2015 283 2097 omissis,
299 2016 333 2080 in
346 2016 458 2103 sugam
468 2027 648 2081 vertuntur.
691 2016 755 2082 Res
769 2016 910 2082 adversae
924 2016 1044 2082 discor·

39 2099 114 2167 diem
124 2103 284 2188 peperere,
300 2101 348 2182 iis,
362 2102 418 2184 qui
433 2122 450 2165 e
464 2101 628 2185 superiore
639 2102 783 2167 exercitu
797 2114 896 2184 erant,
911 2122 1044 2171 eausam

40 2204 120 2254 suam
132 2187 389 2255 dissociantibus.
434 2186 552 2252 Vitellii
572 2199 679 2253 tamen
694 2189 861 2276 imagines,
883 2189 1045 2255 incastris

41 2283 66 2334 et
77 2295 128 2357 por
151 2272 316 2358 proximas
336 2273 509 2358 Belgarum
529 2274 683 2354 civitates,
705 2275 862 2358 repositae,
884 2277 958 2341 crim
975 2274 1044 2358 jam

42 2356 179 2425 Vitellius
190 2359 365 2424 occidisset.
403 2358 488 2422 Dein
499 2360 613 2423 mutati
625 2359 659 2423 in
671 2361 890 2442 poenitentiam
905 2359 1045 2446 primani

42 2447 243 2529 quartanique
267 2455 298 2508 et
326 2443 632 2525 duodevicesimam,
655 2447 814 2510 Voculam
841 2457 1043 2530 sequuntur:

43 2531 116 2611 apud
129 2551 237 2615 quem,
260 2541 399 2594 resumto
414 2529 602 2612 Vespasiani
624 2542 832 2611 sacramento,
855 2532 895 2597 ad
910 2533 1046 2596 liberan-

42 2613 111 2680 dum
121 2615 318 2702 magontiaci
330 2614 492 2678 obsidium
502 2614 711 2681 ducebantur.
756 2617 978 2682 Discesserant
991 2618 1046 2681 ob

43 2717 178 2783 sessores,
203 2701 324 2766 mixtus
345 2721 387 2764 ex
408 2700 517 2780 Cattis,
546 2702 674 2785 Usipiis,
701 2702 861 2766 Mattiacis
876 2704 1045 2784 exereitus

42 2788 172 2851 satietate
186 2786 310 2871 praedae,
332 2805 393 2849 nee
413 2786 581 2850 incruenti.
629 2789 666 2852 ln
681 2788 734 2853 vii
753 2789 912 2871 dispersos
931 2801 962 2854 et
976 2808 1047 2854 nes·

44 2869 101 2936 cios
114 2874 206 2938 miles
225 2883 330 2936 noster
344 2873 513 2936 invaserat.
530 2902 539 2907 ·
557 2873 652 2944 Qum
666 2884 697 2938 et
712 2874 844 2941 loricam
858 2877 1047 2958 vallumque

43 2957 184 3036 perfines
199 2977 273 3021 suos
288 2957 425 3020 Treveri
439 2958 594 3038 struxere,
618 2959 807 3045 magnisque
829 2960 970 3024 invicem
985 2963 1048 3023 ela·

42 3040 125 3107 dibus
140 3063 217 3108 cum
232 3043 402 3106 Germanis
412 3044 583 3121 certabant,
598 3043 728 3108 donece
752 3045 840 3128 regia
850 3064 928 3131 erga
942 3046 1049 3128 Popu-

44 3126 104 3191 lum
118 3129 302 3192 Romauum
317 3128 430 3191 merita
443 3147 518 3192 mox
534 3128 668 3192 rebelles
682 3064 847 3194 suaderent.
894 3171 898 3177 -

79 3214 269 3279 XXXVIII.
292 3213 417 3276 Interea
430 3212 648 3296 Vespasianus
662 3216 777 3279 iterum
798 3236 836 3278 ae
852 3215 951 3280 Titus
966 3216 1051 3281 Gon·-

46 3300 177 3364 sulatum
188 3301 331 3364 absentes
343 3298 503 3382 inierunt,
527 3300 640 3364 ruoesui
655 3311 686 3364 et
700 3300 871 3385 multiplici
882 3315 969 3367 metu
981 3323 1050 3366 sus-

45 3385 133 3461 pensa
147 3385 284 3464 civitate,
307 3404 387 3465 quae,
410 3404 506 3467 super
520 3386 674 3450 instantia
693 3387 787 3467 mala,
803 3387 899 3453 salsos
914 3409 1050 3473 pavores

47 3467 202 3535 induerat:
226 3470 416 3555 ‘descivisse
430 3469 583 3551 Africam,
600 3493 650 3536 res
665 3492 765 3536 novas
780 3475 931 3539 moliente
945 3476 984 3539 L.
999 3476 1052 3539 Pi·

48 3559 134 3620 sone!
176 3557 209 3620 Is
223 3567 356 3639 praerat
370 3555 553 3638 provineiae,
576 3558 781 3640 nequiquam
804 3560 950 3625 turbidus
964 3560 1052 3643 inge-

48 3638 114 3707 nio:
134 3642 200 3721 sed,
222 3642 299 3725 quia
315 3660 414 3704 naves
429 3642 554 3706 saevitis
568 3643 696 3725 hyemis
711 3642 967 3724 prohibebantur,
981 3642 1053 3704 vul·

47 3742 110 3808 gus,
123 3729 277 3793 alimenta
290 3726 403 3791 indies
418 3728 551 3791 mercari
564 3727 705 3808 solitum,
721 3729 776 3810 cui
790 3746 858 3789 una
871 3746 913 3788 ex
926 3723 1054 3803 Repub
