2392 4050
124 188 191 253 250
504 194 542 258 0.
558 195 671 259 Oaart.
687 192 825 261 'l'rcrrr

125 355 212 423 tamt
227 357 461 425 Trutulensem
482 372 612 443 portum
632 364 746 446 tenuit,
770 363 859 428 unde
882 363 1033 447 proximo
1050 364 1129 427 latau

124 441 303 508 Britanniae
318 445 402 509 lecto
415 447 506 510 omni
520 447 667 511 redierat

168 528 332 595 XXXIX.
356 530 454 594 Hunc
470 547 579 595 rerum
593 549 737 611 cursum,
759 549 952 613 quanquam
976 529 1064 594 nulli
1077 547 1129 593 rcr-

123 611 239 677 borum
260 611 418 695 jactantii
430 613 575 698 epistolis
587 615 748 701 Agricolae
770 625 914 694 auctum,
936 625 977 678 ut
997 612 1130 678 Domitia

122 714 187 762 nus
211 709 288 777 erat,
313 697 417 764 fronte
439 701 541 779 laetus,
564 709 693 782 pectore
711 699 839 778 anxius,
860 700 1004 781 excepit
1044 699 1131 761 lnerst

123 781 331 862 conscientia,
352 782 475 846 derisui
498 782 598 848 fuisse
621 802 725 866 nuper
739 782 857 847 salsum
869 803 891 846 e
906 778 1131 847 Germaniitti

123 864 295 950 umphum,
309 868 403 932 emus
413 886 470 951 per
478 867 683 949 commercia,
698 886 839 950 quorum
853 865 987 932 habitas
1000 878 1032 930 et
1045 865 1129 929 crines

123 949 159 1014 in
167 951 372 1033 captivorum
385 952 527 1035 speciem
540 952 770 1017 formarentur:
794 961 826 1014 at
840 970 931 1015 nunc
944 971 1054 1016 veram
1061 968 1130 1034 mog·

122 1051 264 1118 namque
287 1036 468 1115 victoriam,
491 1046 536 1101 tot
562 1036 707 1102 millibus
732 1036 875 1100 hostiurn
900 1038 1003 1116 cresis,
1028 1032 1129 1120 ingenti

122 1118 209 1181 fami
230 1119 396 1184 celebrari.
440 1120 478 1184 ld
499 1119 562 1183 sibi
587 1121 730 1186 maxime
754 1120 1013 1201 formidolosum,
1034 1117 1129 1202 privati

122 1201 265 1268 hominis
276 1222 394 1269 nomen
404 1223 503 1287 supra
516 1205 679 1289 Principis
687 1206 791 1269 attolli
804 1227 812 1270 :
834 1204 956 1269 frustrr‘r
969 1204 1072 1269 studia
1083 1200 1130 1266 lori

122 1295 154 1351 et
175 1289 325 1354 civilium
338 1290 457 1353 artium
482 1290 582 1356 decus
605 1290 639 1353 in
655 1290 822 1355 silentium
836 1299 919 1371 acta,
934 1291 965 1352 si
982 1289 1131 1354 milituram

121 1373 260 1455 gloriam
273 1373 357 1437 alius
371 1384 563 1456 occuparet:
585 1385 617 1438 ct
630 1378 737 1439 cetera
749 1385 929 1457 utcumque
943 1373 1069 1438 facilins
1083 1372 1130 1436 (lie

121 1455 284 1519 simulari:
307 1457 410 1522 Ducis
425 1457 500 1523 boni
520 1458 763 1543 Imperatoriam
781 1459 936 1522 virtutem
960 1478 1040 1523 esse.
1078 1456 1129 1520 'la-

121 1538 208 1603 libus
219 1541 305 1605 curis
319 1541 490 1623 exercitus,
504 1544 657 1627 quodque
666 1563 762 1607 aaevoe
773 1542 981 1629 cogitationis
992 1541 1128 1608 indicium

121 1633 200 1703 erat,
214 1635 337 1690 secreto
350 1646 411 1691 suo
432 1628 576 1708 satiatus,
603 1627 762 1711 optimum
783 1628 818 1694 in
840 1628 1014 1711 praesentia
1029 1624 1128 1701 statuit,

121 1725 276 1791 reponere
289 1710 411 1790 odium,
425 1709 529 1777 donec
554 1712 694 1795 impetus
717 1711 809 1777 fama
830 1722 862 1776 et
876 1709 971 1777 favor
992 1710 1126 1777 exercitia

123 1793 177 1889 lau
225 1806 366 1862 esceret:
388 1813 467 1861 nam
488 1796 587 1861 etiam
609 1808 681 1863 tum
693 1797 847 1884 Agricola
868 1796 1069 1863 Britanniam
1086 1794 1127 1858 ol>

122 1885 190 1941 true
231 1889 253 1943 t.

164 1961 239 2028 XL.
262 1962 366 2051 Igitur
387 1964 618 2051 ‘triumphalia
632 1977 822 2033 ornamenta
834 1975 867 2031 et
881 1966 1018 2033 illustris
1031 1973 1124 2031 statue

121 2045 280 2112 honorem
293 2060 326 2112 et
346 2051 503 2135 quicquid
517 2071 576 2135 pro
598 2052 765 2136 triumpho
785 2052 898 2132 datur,’
918 2055 1023 2118 multo
1037 2050 1127 2115 verbo

99 2145 105 2157 ·
121 2147 197 2224 rum
211 2129 334 2196 honore
349 2136 525 2217 cumulata,
540 2135 671 2202 decerni
682 2138 717 2201 iu
733 2138 855 2202 Senatu
866 2136 973 2218 jubet:
997 2136 1125 2228 additque
1167 2131 1168 2224 l

79 2291 87 2306 .
120 2229 254 2298 insuper
272 2217 468 2302 opinionem,
495 2221 628 2304 Syriam
652 2222 854 2306 provinciam
879 2222 1038 2307 Agricola
1051 2219 1125 2310 desti·

120 2298 202 2378 nari,
216 2320 356 2366 vacuam
367 2312 440 2369 tum
451 2313 553 2368 morte
564 2306 754 2386 Atiliiliuli,
766 2306 966 2392 Consularis,
978 2315 1011 2369 et
1019 2303 1123 2385 majore
1166 2333 1167 2386 q

120 2384 397 2452 buareservatam.
434 2389 609 2455 Credidere
619 2391 773 2474 plerique,
785 2391 936 2456 libertum
947 2411 990 2455 ex
1001 2387 1123 2455 secretis
1166 2391 1167 2454 l

119 2469 211 2533 ribus
225 2471 410 2537 ministeriis
424 2473 561 2540 nussum
572 2476 617 2539 'ad
628 2476 825 2562 Agricolam,
837 2474 1015 2555 codicillos,
1025 2473 1122 2557 quibua

120 2552 151 2616 ei
171 2554 268 2637 Syria
279 2555 424 2638 debetur,
439 2559 562 2641 tulisse,
584 2578 664 2624 cum
684 2571 852 2644 precepto,
866 2569 912 2639 ut,
926 2560 955 2622 si
970 2559 1005 2623 in
1020 2558 1123 2625 Britan·
1165 2579 1166 2586 ¹

118 2637 177 2702 nii
199 2637 287 2721 foret,
312 2641 534 2709 traderentur:
566 2664 708 2729 eumque
733 2643 885 2709 libertum
910 2644 944 2707 in
969 2644 1039 2728 ipso
1059 2641 1122 2706 freto
1165 2597 1166 2682 i

118 2720 245 2818 Oceani
270 2724 406 2790 obvium
428 2729 599 2813 Agricola,
625 2749 667 2794 ne
688 2730 850 2812 appellato
874 2728 1005 2812 quidem
1028 2720 1121 2820 eati

120 2805 346 2873 Domitianum
361 2812 534 2877 remeasse:
556 2813 627 2879 siva
636 2834 753 2881 verum
766 2812 862 2894 istud,
876 2814 945 2879 sive
955 2832 998 2878 ex
1009 2813 1121 2897 ingena
1164 2841 1165 2874 z

118 2889 280 2977 Principis
294 2892 407 2960 fictum
422 2915 461 2959 ac
476 2898 690 2983 compositum
704 2909 761 2963 est
805 2897 1000 2964 Tradiderat
1012 2894 1119 2962 interim
1164 2879 1165 2910 ¹

117 2978 275 3061 Agricola
294 2982 472 3045 successori
491 3002 551 3047 suo
573 2984 777 3066 provinciam
798 2984 942 3066 quietam
964 2993 1119 3062 tutamque

119 3061 178 3142 Ac,
200 3065 417 3131 nenotabilis
438 3065 620 3133 celebritate
641 3080 673 3133 et
697 3067 878 3152 frequentiis
902 3065 1116 3134 occurrentium
1163 3095 1164 3140 l

117 3144 271 3215 introitus
283 3162 374 3230 esset,
389 3150 489 3214 vitato
510 3150 690 3218 amicorum
704 3153 820 3233 officio,
836 3162 944 3218 noctu
965 3152 1001 3217 iu
1015 3150 1115 3224 urbem,

117 3241 217 3296 nocto
234 3233 268 3297 in
293 3236 459 3318 palatium,
475 3237 520 3300 ito
533 3248 570 3302 ut
606 3248 781 3322 receptum
796 3246 875 3316 erat,
896 3236 1004 3303 venit:
1023 3247 1116 3313 arcer>

117 3322 234 3411 tneque
247 3318 338 3382 brevi
354 3321 476 3400 osculo,
491 3336 523 3386 et
536 3257 631 3387 nuiio
644 3341 801 3405 sermone,
816 3323 917 3388 turbe
931 3318 1115 3414 servientium
1162 3331 1163 3370 ῑ

117 3409 287 3492 immixtus
305 3413 362 3465 est.
407 3404 567 3486 Ceterum,
588 3416 627 3471 ut
640 3407 778 3475 militare
792 3426 922 3487 nomen,
941 3425 1034 3494 grave
1049 3408 1114 3466 mter

116 3490 245 3574 ῡῑξῡθῡθ,
268 3483 341 3577 aliis
354 3484 528 3552 virtutibus
551 3500 751 3574 temperaret,
767 3492 1028 3577 tranquillitatem
1038 3497 1112 3568 atum
1161 3505 1162 3568 ζ

116 3573 221 3626 otium
234 3577 363 3645 pennus
378 3568 478 3649 auxit,
493 3574 586 3638 cultu
602 3575 759 3655 modicus,
772 3594 923 3641 sermone
937 3574 1042 3652 facilis,
1060 3582 1111 3635 att
1161 3581 1162 3600 ¹

116 3654 173 3707 aut
187 3648 287 3713 altero
301 3650 478 3719 amicorum
487 3657 694 3748 ‘comitatum
717 3658 799 3729 adeo
812 3672 851 3729 ut
864 3660 1007 3751 plerique
1019 3653 1111 3748 quibui
