2392 4050
112 208 176 275 172
468 206 506 271 C.
521 204 632 272 Coun.
648 205 786 271 'riom
931 205 980 294 [A.
994 202 1109 268 (1.823

109 398 227 445 novem
241 397 318 444 mox
332 397 434 444 annos
450 376 638 459 traduxerit,
653 378 751 442 simul
773 376 953 442 amicorum
971 377 1036 459 ejus
1048 395 1111 440 con-

108 465 261 533 stentiam
275 475 307 529 et
318 465 446 550 insigne
460 464 640 548 Epponinae
654 463 765 529 uxoris
777 467 974 546 exemplum,
986 483 1041 527 suo
1051 464 1110 526 loco

109 550 291 616 reddemus
333 551 560 635 Sequanorum
578 550 730 633 prospera
745 550 813 613 acie
828 549 904 613 belli
920 550 1051 632 impetus
1063 557 1112 609 ste

109 638 156 701 tit.
199 635 398 720 Resipiseare
411 634 567 720 paulatim
589 636 746 716 civitates,
770 634 882 717 fasque
895 645 926 698 et
947 633 1111 698 foederare

108 723 238 808 spicere,
252 721 450 807 principibus
463 720 594 788 Remis:
615 721 671 804 qui
686 740 743 803 per
766 722 891 784 Gallias
912 720 1045 798 edixere,
1067 726 1112 781 ‘nt

109 807 215 874 missis
229 809 342 894 legatis
355 808 391 871 in
414 827 587 872 commune
610 808 839 887 consultarent,
862 805 991 870 libertas
1010 824 1049 868 au
1062 822 1114 888 pax

131 896 266 959 laceret)

108 914 131 980 p
153 978 308 1044 LXVIII.
329 980 373 1053 At
388 980 500 1044 &mas
525 987 645 1042 cuncta
667 976 702 1042 in
717 976 856 1041 deterius
878 975 988 1041 audita
1007 972 1114 1040 Mucia

109 1083 191 1129 num
203 1065 383 1150 augebant3
405 1085 455 1149 ne,
478 1082 667 1148 quanquam
689 1062 809 1150 egregii
825 1064 934 1127 Duces
949 1059 1115 1147 (jamenim

110 1150 247 1213 Gallum
268 1149 416 1215 Annium
437 1161 469 1216 et
493 1149 647 1214 Petilium
671 1149 831 1212 Cerialem
851 1148 1026 1232 delegerat)
1042 1165 1116 1209 sum·

109 1254 197 1300 mam
212 1235 288 1300 belli
302 1254 418 1317 parurn
436 1238 617 1301 tolerarent.
661 1235 731 1300 Nec
745 1233 957 1317 relinquenda
970 1233 1045 1296 urbs
1057 1231 1115 1293 sius

109 1330 239 1386 rectore.
284 1321 329 1385 Et
353 1321 530 1387 Domitiani
555 1319 718 1386 indomita
743 1318 891 1385 libidines
918 1319 1116 1382 timebantur:

109 1406 274 1489 suspectis,
297 1406 345 1471 uti
365 1405 526 1488 diximus,
550 1406 662 1471 Primo
686 1406 829 1470 Antonio
851 1405 1000 1488 Varoque
1023 1403 1115 1467 Arria.

109 1493 223 1571 Varus,
240 1491 443 1556 Praetorianis
458 1492 657 1577 praepositus,
671 1491 740 1556 vim
749 1503 849 1574 atque
863 1510 953 1553 arma
967 1489 1118 1552 retinebat.

109 1577 202 1643 Eum
215 1577 390 1643 Mucianus
408 1579 541 1662 pulsum
562 1578 644 1659 loco,
666 1596 708 1641 ne
730 1578 801 1641 sine
815 1575 927 1640 solatio
947 1584 1059 1661 ageret,
1073 1591 1119 1636 an·

109 1681 207 1728 nonae
226 1663 374 1747 prefecit.
429 1665 537 1747 thue
558 1663 738 1727 Domitiani
761 1662 917 1740 animum,
937 1662 1024 1726 Varo
1040 1655 1118 1723 haud

110 1750 264 1828 alienum,
278 1748 435 1831 deliniret,
451 1750 637 1815 Arretinum
656 1749 867 1827 Clementem,
886 1746 999 1810 domui
1013 1746 1119 1827 Vespa

109 1835 193 1899 siani
208 1854 263 1923 per
278 1835 462 1900 affinitatem
478 1836 636 1899 innexum
650 1844 682 1898 et
702 1833 922 1918 gratissimum
937 1831 1117 1906 Domitiano,

110 1920 316 1987 Praetorianis
335 1920 515 2004 praeposuit,
541 1929 681 2004 ‘patrem
703 1919 783 2001 ejus,
807 1920 868 1984 sub
890 1918 971 1980 Caio
994 1918 1116 1991 Caesare,

109 2027 128 2071 e
168 2006 238 2093 egid
262 2006 411 2071 functum
433 2009 471 2072 ed
496 2005 593 2086 'cura'
619 2002 790 2070 dictitans:
821 2007 952 2070 ‘lartum
976 2001 1116 2080 militibus

110 2092 122 2155 i
145 2113 196 2157 em
211 2111 339 2170 nomen,
354 2103 450 2189 utque
465 2092 583 2175 ipsum,
608 2110 795 2175 quanquam
817 2090 976 2157 Senatorii
1001 2086 1116 2164 ordinis,

110 2177 150 2241 ad
165 2186 302 2260 utraque
316 2195 429 2240 munia
443 2178 608 2243 sufficere)
651 2178 872 2242 Assnmuntur
895 2196 914 2239 e
927 2174 1052 2239 civitate
1064 2174 1116 2236 cla·

110 2260 257 2327 sissimus
278 2261 424 2344 quisque,
440 2273 472 2326 et
487 2263 543 2326 alii
558 2281 614 2345 per
628 2260 847 2326 ambitionem.
891 2260 998 2326 Simul
1018 2256 1114 2323 Domi·

110 2348 218 2414 tianus
240 2347 479 2431 Mucianusque
502 2347 762 2433 accingebantur,
782 2346 902 2432 dispari
922 2345 1050 2410 animo:
1069 2341 1113 2405 illc

110 2453 167 2519 spe
183 2453 221 2498 ae
233 2432 369 2515 juventi
382 2451 546 2517 properus,
560 2432 615 2496 hio
636 2452 743 2497 moras
756 2442 897 2512 nectens,
911 2432 982 2515 quis
996 2432 1115 2514 nagan

110 2531 178 2585 tem
192 2519 350 2599 retineret,
365 2539 407 2583 ne
422 2517 540 2583 ferocia
554 2517 657 2582 atatis
676 2528 708 2582 et
729 2517 838 2601 pravis
852 2517 1080 2601 impulsoribus,
1092 2509 1115 2573 si

111 2608 290 2670 exercitum
305 2605 481 2685 invasisset,
496 2604 727 2687 pacibelloque
741 2604 826 2668 male
838 2603 1029 2669 consuleret.
1066 2599 1117 2663 Ie

111 2691 224 2777 gisnes
240 2690 397 2769 victrices,
418 2699 563 2761 sexta.et
583 2702 706 2770 octava,
721 2690 968 2754 Vitellianarum
991 2682 1118 2753 unaetri

112 2776 239 2853 caina,
259 2796 278 2839 e
297 2775 408 2840 reeens
423 2774 612 2859 conscriptis
626 2774 777 2854 secunda,
794 2774 948 2838 Penninis
963 2768 1117 2838 Cottianis

111 2881 174 2947 que
193 2860 339 2945 Alpibus,
353 2879 428 2944 pers
447 2870 557 2925 monte
579 2861 689 2937 Graio,
710 2859 943 2925 traducuntur:
988 2852 1116 2921 uartade·

112 2948 197 3015 cime
219 2946 304 3034 legio
327 2965 346 3010 e
367 2945 545 3027 Britanniis,
573 2960 666 3010 sexta
693 2966 732 3010 ac
753 2944 881 3011 decima
903 2965 944 3011 ex
1006 2936 1115 3025 ispani

61 3051 65 3059 '
110 3035 231 3100 accita.
275 3032 378 3120 Igitur
393 3032 554 3109 venientis
577 3031 736 3097 exercitiis
755 3030 850 3117 sama,
872 3040 903 3095 et
916 3040 1028 3114 suopte
1040 3027 1116 3109 iuge

111 3121 177 3201 nio,
192 3120 232 3184 ad
246 3120 374 3184 mitium
389 3117 582 3184 inclinantes
598 3117 780 3182 Galliarum
794 3117 948 3198 civitates,
963 3116 997 3180 in
1012 3113 1114 3177 Remos

111 3206 302 3271 convenere.
346 3204 563 3271 Treverorum
574 3205 604 3269 le
647 3203 692 3266 tio
701 3203 768 3268 illic
776 3191 1004 3288 opperiebatur,
1015 3191 1113 3264 acerri-

112 3289 574 3356 moinstinctorsbelli'Pullio
612 3288 765 3353 alentino.
788 3281 1112 3354 Ismeditatiaoratiouc

112 3386 239 3454 cuncta,
254 3373 381 3459 magnis
404 3374 546 3457 imperiis
567 3373 717 3455 objectari
737 3374 838 3451 solita,
854 3370 1110 3460 contumeliasque

112 3470 145 3525 et
159 3457 316 3522 invidiam
327 3458 361 3520 in
374 3458 537 3540 Populum
547 3458 733 3524 Romanum
744 3458 876 3524 effudit:
898 3457 1040 3523 turbidus
1050 3466 1111 3515 rurs

113 3542 223 3610 cendis
237 3541 455 3622 seditionibus,
469 3552 501 3605 at
511 3544 672 3626 plerisque
686 3558 795 3630 gratus
806 3542 936 3609 vecordi
948 3533 1092 3608 facundii.

157 3626 283 3692 LXIX.
314 3627 358 3690 At
383 3625 491 3689 Julius
516 3629 586 3694 Aus
627 3648 660 3707 x,
684 3650 702 3693 e
726 3628 922 3711 primoribus
946 3629 1109 3695 Remorum,

113 3712 200 3780 ‘vim
212 3711 395 3777 &mam
413 3711 565 3797 pacisque
632 3714 683 3778 na’
698 3713 882 3798 dissertans,
897 3725 929 3780 et
951 3702 1109 3780 ‘sumib‘l
