2392 4050
50 14 100 27 -υν-·
200 8 250 27 Ἴ-

59 167 223 258 notu]
336 169 487 238 Hieron.
501 168 580 237 Lna.
596 172 782 271 Quaeres
828 186 830 189 ·
1005 169 1066 237 181

1140 236 1151 350 i

60 336 202 427 denique,
211 343 318 409 missis
331 342 501 427 equitibus,
513 344 666 429 explorat,
674 342 732 409 illo
743 340 894 427 temperis
907 354 1069 409 momento
1149 354 1151 423 ζ

60 428 217 522 octoginta
238 430 384 497 millibus
408 448 563 514 passuum
587 428 739 494 abfuisse.
783 427 884 493 Tunc
914 427 1071 493 Divinam
1131 432 1153 549 '4

59 528 192 657 :psorem
206 524 239 578 et
253 514 324 580 vim
341 515 484 600 responsi
497 535 539 583 ex
552 515 682 581 nomine
698 515 872 580 Basilidis
885 511 1069 598 interprete
1151 552 1153 605 t

72 613 108 658 us
121 608 177 663 est.
595 610 598 619 '
1152 618 1153 647 1

97 680 290 750 LXXXIII.
313 683 415 771 origo
424 685 487 751 Dei
501 684 647 752 nendum
661 683 779 750 nostris
793 683 1070 749 auctoribuscele·

59 761 160 852 brnta3
184 771 246 852 AE¹
298 771 417 835 tiorum
426 773 582 836 antistites
595 771 644 835 sic
655 779 853 836 memorant:
876 769 1069 834 ‘Ptolemaee

59 846 143 936 Regi,
157 855 214 937 qui
229 790 450 922 iiseedonum
462 858 586 940 primus
603 854 736 953 AEgppti
751 874 827 942 opes
840 854 989 935 firmavit,
998 857 1072 920 oiim
1092 920 1094 929 ,

60 934 257 1006 Alexandriae
272 945 389 1006 recens
410 941 547 1019 condius
562 961 681 1007 moeuta
694 942 874 1024 templaque
887 950 920 1004 et
940 938 1067 1026 religio·

59 1037 111 1114 pas
127 1023 267 1109 adderet,
290 1026 443 1106 oblatum,
457 1048 513 1112 per
526 1026 677 1110 quietem,
691 1026 804 1093 decore
818 1024 939 1091 eximio
954 1036 986 1091 et
999 1044 1065 1090 ma·

58 1123 119 1183 Jore
141 1112 241 1192 quim
271 1111 416 1176 humani
439 1114 544 1198 specie
568 1109 734 1193 juvenem,
762 1111 819 1194 qui
844 1120 997 1190 moneret,
1021 1120 1066 1191 ut,

60 1188 213 1261 fidissimis
237 1196 420 1262 amicarum
441 1197 475 1265 iu
498 1199 641 1264 Pontum
667 1195 781 1276 missis,
811 1196 950 1283 effigiem
973 1215 1069 1260 suam

60 1277 184 1343 acciret:
208 1284 322 1355 latum
332 1280 366 1345 id
380 1281 504 1369 Regno,
515 1302 730 1368 magnamque
744 1292 775 1345 et
789 1281 945 1378 inclytam
959 1279 1069 1347 sedern

61 1356 128 1441 iore,
141 1384 216 1448 quse
230 1367 427 1450 excepisset:
448 1369 545 1433 simul
568 1368 677 1433 visum
696 1365 838 1432 eundem
853 1385 1011 1449 juvenem
1032 1367 1067 1432 in

60 1446 172 1514 catum
191 1453 431 1539 igneplurime
452 1453 572 1519 attolli!
616 1453 819 1533 Ptolemaeus,
830 1452 938 1519 omine
959 1462 991 1517 et
1011 1453 1069 1517 mi·

62 1534 163 1597 raaulo
184 1540 321 1618 excitus,
342 1538 568 1605 Sacerdotibus
596 1537 834 1623 AEgyptiorum
855 1537 973 1622 quibus
995 1554 1068 1602 mos

62 1613 131 1680 talia
141 1619 332 1707 intelligere,
341 1634 515 1690 nocturnos
523 1624 615 1688 visus
626 1624 735 1706 sperit.
778 1625 884 1706 Atque
895 1623 961 1687 illis
971 1621 1067 1688 Ponti

62 1707 90 1763 et
101 1713 307 1773 externorum
327 1727 443 1792 parurn
462 1708 581 1797 gnaris,
592 1704 814 1789 Timotheum,
828 1706 1068 1790 Atheniensem,

63 1798 178 1870 egente
198 1792 479 1877 Eumolpidarum,
494 1813 601 1877 quem,
615 1802 662 1873 ut,
676 1792 851 1858 antistitem
871 1790 1073 1860 cerimonia!

63 1883 137 1952 lum,
152 1876 309 1944 Eleusine
322 1879 493 1957 exciverat,
508 1885 677 1962 ‘quisnam
697 1878 754 1944 illa
774 1877 966 1963 superstitio,
980 1877 1067 1961 quod

64 1949 180 2028 Numen
190 1963 215 2028 l’
234 1964 419 2049 interrogat.
463 1963 668 2044 Timotheus,
691 1961 844 2047 quesitis,
865 1962 922 2048 qui
944 1961 1067 2048 inpen-

64 2047 125 2106 ium
137 2050 304 2130 meissent,
319 2050 493 2133 cognoscit,
504 2049 618 2115 urbem
632 2049 700 2114 illic
715 2050 868 2133 Sinopen,
877 2068 938 2114 nec
952 2049 1066 2133 procul

53 2131 216 2215 temtum,
232 2146 340 2201 vetere
355 2135 438 2200 inter
459 2136 586 2201 accolas
608 2133 703 2217 fami,
718 2134 810 2201 Jovis
831 2134 923 2202 Ditis.
967 2134 1067 2201 Nam-

63 2224 117 2289 (er
129 2227 159 2310 et
173 2222 366 2286 muliebrem
377 2220 516 2309 effigiem
538 2218 692 2302 assistere,
713 2241 813 2305 quam
832 2221 977 2305 plerique
991 2221 1068 2286 Pro

65 2309 212 2381 'erptntm
225 2317 354 2373 vocent.
396 2305 461 2371 Sed
485 2306 688 2388 Ptolemaeus,
702 2318 738 2371 ut
759 2317 836 2372 sunt
854 2307 987 2391 ingenia
1006 2305 1068 2370 Re·

65 2394 142 2465 gum,
157 2407 278 2472 pronus
293 2390 334 2455 ad
354 2389 565 2480 formidinem,
580 2391 637 2456 ubi
656 2392 809 2457 securitas
830 2391 934 2472 rediit,
955 2391 1068 2476 volup

66 2473 156 2561 ttitum
181 2478 282 2559 quim
308 2474 505 2562 religionum
532 2486 692 2560 appetens,
720 2476 884 2564 negligere
912 2475 1068 2562 paulatim

66 2547 195 2649 alutusque
207 2561 252 2626 ed
265 2567 362 2627 cures
373 2560 519 2627 animum
533 2572 672 2627 vertere:
693 2561 795 2627 donec
809 2562 922 2627 eadem
935 2560 1066 2647 species,

66 2639 219 2739 terribilior
231 2645 536 2730 jametinstentior,
551 2645 706 2712 ‘exitium
727 2647 788 2731 ipsi
810 2647 993 2734 Regnoque’
1012 2646 1067 2712 de·
1166 2700 1167 2707 ,

68 2731 225 2815 nuntiarat,
241 2733 293 2798 ‘ni
305 2729 397 2813 jussa
411 2733 628 2816 patrarentur?
671 2732 762 2799 Tum
784 2733 905 2818 legatos
928 2745 961 2799 et
980 2733 1067 2799 dona

67 2798 322 2900 Scydrothemidi,
336 2816 427 2904 uagi,
447 2816 489 2905 (is
510 2830 589 2883 tunc
606 2817 687 2885 Sino
728 2819 840 2884 usibus
852 2818 1065 2905 imperitabat)
1165 2815 1168 2881 1

68 2896 196 2995 expediri
222 2902 331 2987 jubet:
353 2902 561 2987 praecipitque
588 2838 798 2990 navigaris,
825 2911 881 2970 ‘ut
909 2903 1066 2990 Pythium
1165 2926 1168 2947 1

68 2971 239 3055 Apollinem
263 2988 399 3054 adeaut'
442 2989 512 3052 Illis
526 3006 616 3053 mare
629 2987 827 3054 secundum:
848 3008 918 3054 sors
942 2988 1065 3054 oraculi
1165 3005 1168 3032 ¹

69 3048 147 3128 haud
159 3073 328 3161 ambigue:
352 3070 467 3154 ‘Irenh
491 3073 765 3157 simulacmmque
786 3073 883 3157 petris
905 3073 957 3139 sui
979 3094 1067 3141 rava·
1126 3126 1128 3132 ,
1164 3087 1167 3156 l

68 3135 176 3235 herent,
189 3159 305 3224 sororis
320 3159 557 3242 taliaquerent.²
1165 3225 1167 3230 ,

77 3313 78 3316 ,
105 3230 280 3311 Lxxxlv.
303 3244 347 3311 Ut
368 3244 512 3327 Sinopen
533 3242 660 3323 venere,
679 3261 824 3327 munera,
842 3263 961 3329 preces,
976 3265 1064 3314 men·
1164 3262 1167 3322 ξ

71 3304 135 3412 aar,
150 3323 256 3420 ,naga
284 3330 335 3395 sui
364 3329 624 3414 Scydrothemidi
647 3325 798 3434 elegant.
851 3331 922 3403 uus
950 3350 1063 3397 versus
1164 3331 1167 3392 t

71 3410 166 3491 11111111,
180 3415 274 3480 madh
297 3416 425 3481 Numen
440 3434 619 3499 pavescere,
634 3413 729 3479 mode
749 3415 845 3482 minis
867 3416 1063 3483 adversantis

72 3493 306 3576 populiensi:
328 3501 413 3584 saepe
426 3499 518 3566 donis
533 3500 759 3585 promissisque
768 3502 945 3587 legatorum
959 3501 1063 3566 flecte·
1164 3513 1167 3554 i

73 3559 159 3673 batus,
199 3589 304 3672 Atque
326 3585 454 3651 interim
474 3586 613 3651 triennio
634 3599 756 3665 exacto,
781 3587 974 3651 Ptolemaeus
995 3604 1062 3647 non
1163 3595 1167 3641 ῑ

74 3658 207 3753 studium,
227 3691 295 3738 non
319 3690 437 3757 preces,
459 3672 612 3737 omittere.
656 3669 855 3757 Dignitatem
875 3671 1061 3751 legatorum,

49 3921 60 4002 t
