2392 4050
104 11 209 113 .—

42 219 203 308 hC.69.]
310 218 462 283 Hieros.
476 216 556 283 ure
570 214 770 288 aecensus.
1002 222 1046 289 lt
1162 295 1164 298 ,

43 392 157 478 vulgus
172 388 317 477 fingendi
331 389 465 455 aridum
487 389 683 474 disperserat,
710 390 869 457 ‘accitum
891 391 927 456 in
952 389 1048 477 adop-

42 478 173 541 tionem’
216 475 351 542 Materia
364 476 572 556 sermonibus,
586 476 723 555 senium,
744 487 777 541 et
793 478 911 544 orbitas
926 477 1048 544 Princi-

41 562 89 645 pis
97 572 126 626 et
139 561 381 646 intemperantia
395 560 543 642 civitatis,
556 562 659 627 donec
673 581 760 626 unus
770 564 1048 650 eligatur,‘multos

41 646 224 713 destiuandi.
267 648 415 733 Augebat
428 645 547 711 famam
560 646 662 730 ipsius
677 646 748 711 Titi
758 646 936 733 ingenium,
945 668 1048 731 quau·

41 741 214 816 taecumque
228 732 362 796 fortune
378 752 488 815 capax,
502 730 599 796 decor
613 732 678 798 oris
694 752 770 798 cum
782 732 923 816 quidem
934 732 1048 815 maja-

41 827 110 897 tate,
123 837 281 902 prosperae
295 818 481 901 Vespasiani
496 837 555 896 res,
568 837 713 900 praesage
725 838 885 902 responsa,
899 828 939 900 et,
955 818 1049 883 incli-

41 903 121 967 natis
143 904 183 967 ed
198 902 394 968 credendum
406 903 531 984 animis,
544 905 617 968 loco
630 902 777 967 ominum
796 904 894 968 etiam
906 904 1046 970 fornice

41 988 102 1052 Ubi
116 988 271 1071 Corinthi,
286 989 417 1053 Achaiae
429 989 517 1068 urbe,
540 998 643 1052 certos
659 988 789 1052 nuutios
804 991 927 1073 accepit
944 989 985 1055 de
997 990 1048 1056 iu·

40 1074 131 1140 teritu
145 1075 266 1154 Galbae,
280 1084 312 1139 et
333 1072 472 1153 aderent,
486 1072 544 1155 qni
558 1092 648 1138 arma
661 1073 782 1138 Vitellii
803 1076 988 1159 bellumque
1002 1074 1047 1140 ai·
1172 1133 1174 1138 ,

41 1156 208 1240 &merent
219 1159 336 1224 anxius
345 1159 463 1240 auimo,
471 1158 584 1242 paucis
595 1159 771 1224 amicorum
780 1159 940 1240 adhibitis,
948 1180 1047 1227 cunc·
1174 1201 1175 1204 =

42 1252 73 1307 ta
96 1246 254 1328 utrimque
267 1247 446 1329 perlustrat.
489 1244 548 1310 ‘Si
567 1256 712 1329 pergeret
724 1244 760 1308 in
778 1235 900 1327 urbem,
922 1247 1047 1314 unllam

42 1329 134 1394 officii
146 1330 293 1416 gratiam,
308 1330 342 1394 iu
359 1330 490 1394 alterius
504 1329 660 1395 honorem
671 1331 829 1415 suscepti:
851 1351 889 1397 ac
901 1350 937 1396 sc
950 1332 1048 1398 Vitel·
1175 1363 1177 1396 r

42 1414 94 1495 lio,
104 1416 171 1481 sive
183 1415 314 1496 Othoni,
322 1414 466 1482 obsidem
476 1413 551 1479 sore
586 1414 646 1479 Sin
658 1414 782 1497 rediret,
793 1415 1048 1482 offemomheud

1170 979 1174 1102 ¹

41 1498 167 1567 dubiam
186 1501 337 1567 victoris:
358 1499 416 1564 sed
440 1499 563 1564 incerti
584 1500 691 1565 adhuc
715 1499 857 1582 victorii,
880 1512 912 1567 et
934 1521 1048 1568 conce·
1178 1505 1179 1512 ’

43 1583 187 1672 dentqu
200 1596 426 1677 partesspatre,
440 1585 548 1651 filium
567 1595 765 1652 excusatum
807 1587 867 1653 Sin
882 1588 1048 1672 Vespasio-
1179 1601 1180 1628 ¹

43 1688 103 1734 nus
116 1669 359 1757 Rempubhcam
370 1671 554 1756 susciperet,
575 1670 832 1740 obliviscendum
852 1671 1048 1742 offensarum

43 1753 80 1819 de
93 1757 176 1824 bello
186 1756 399 1844 agitantibus?

82 1843 123 1908 11.
144 1844 205 1909 His
219 1863 258 1908 ac
271 1842 389 1907 talibus
403 1843 485 1906 inter
499 1860 589 1925 spem
603 1849 787 1926 metumque
796 1839 960 1924 jactatum,
975 1862 1048 1928 spes

43 1925 126 1992 vicit.
167 1930 284 2009 Fuere,
298 1928 364 2011 qui,
379 1932 571 1992 ‘accensum
590 1924 749 1991 desiderio
769 1926 940 1992 Berenices
953 1927 1048 2016 Regi·

43 2029 99 2095 ne,
108 2014 238 2081 vertime
248 2014 316 2078 iter’
325 2012 499 2079 crederent.
543 2012 1047 2096 Neque'abhorrebetesserenice
1099 2028 1120 2109 ff

41 2101 188 2175 juvenilis
198 2100 346 2165 animus:
367 2097 424 2163 sed
437 2098 585 2185 gerendis
595 2098 691 2163 rebus
704 2099 836 2165 nullum
848 2119 891 2164 ex
900 2119 939 2164 eo
948 2101 1048 2187 impe·

44 2180 233 2251 dimeutum:
255 2188 360 2251 laetam
380 2176 596 2249 volutatibus
618 2183 865 2250 odolescentiam
886 2186 961 2272 egit,
986 2206 1048 2253 stro

44 2271 243 2356 quimpatris
257 2269 390 2354 imperio
478 2267 602 2334 eratior.
645 2270 747 2356 igitur
766 2289 856 2336 oram
869 2271 1001 2337 Achaim
1014 2282 1047 2338 et

45 2356 133 2437 Asioe,
145 2377 183 2422 ac
195 2358 278 2420 leva
291 2355 388 2419 maris
401 2365 586 2439 prevectus,
601 2354 753 2420 Rhodum
762 2366 795 2420 et
808 2357 953 2441 Cyprum
960 2358 1047 2424 neu-

44 2438 96 2520 las,
117 2442 192 2507 inde
210 2441 349 2525 Syriam,
370 2439 609 2506 audenthribns
630 2439 741 2524 spatiis
764 2442 897 2523 petebat.
940 2443 1047 2526 Atque

44 2523 132 2593 illum
144 2527 262 2614 cupido
284 2525 422 2606 incessit,
442 2523 581 2590 edeuddi
598 2524 787 2675 risenqque
811 2527 967 2611 templum
987 2529 1047 2593 Pa·

45 2611 123 2690 phioe
134 2613 275 2692 Veneris,
286 2611 446 2694 inclytum
455 2629 512 2694 per
522 2609 689 2697 indigenas
742 2630 913 2696 venasque.
948 2612 1047 2680 Haud

45 2693 134 2764 fuerit
147 2699 292 2785 longum,
307 2697 399 2762 initia
419 2695 593 2782 religionis,
615 2697 772 2780 templum
785 2697 892 2781 situm,
910 2697 1048 2767 formem

26 2778 125 2932 gineis,
140 2803 245 2868 neque
258 2783 347 2848 enim
360 2780 437 2846 alibi
450 2783 496 2847 sic
505 2781 648 2863 habetur,
662 2783 774 2864 paucis
787 2782 949 2850 disserere.

117 2871 140 2933 1.
163 2868 389 2933 ‘Conditorem
402 2866 512 2951 templi
522 2865 644 2952 Regem
655 2867 770 2931 AEriau
782 2878 874 2933 retus
884 2870 1046 2951 memoria,

47 2953 171 3032 quidam
186 2954 307 3039 ‘ipsius
321 2953 399 3018 Dee
412 2971 530 3018 nomeu
545 2951 587 3016 id’
601 2953 775 3036 perhibent.
817 2954 921 3020 Fame
940 2975 1048 3022 recen·

47 3036 103 3103 tior
115 3040 216 3120 tradit,
232 3038 403 3122 ‘eCinyri
411 3048 572 3102 sacratum
582 3039 747 3120 templum,
759 3038 925 3123 Deamquc
936 3042 1048 3125 ipsam,
1082 3056 1085 3063 ’

46 3125 403 3209 conceptam.mari,huc
418 3125 593 3208 appulsam.
625 3122 701 3193 ,Sed
710 3123 876 3190 scientiam
885 3134 1049 3211 artemque

47 3205 259 3295 Haruspicum
269 3209 424 3360 accitanp
446 3221 478 3272 et
492 3209 627 3274 Cilicem
641 3207 809 3274 Tamiram
819 3209 983 3279 intulisse:
1003 3221 1049 3277 at·

30 3356 32 3377 ,
47 3310 104 3373 que
118 3295 163 3359 ita
175 3307 313 3381 pactum,
335 3315 359 3360 u
384 3294 512 3359 familie
536 3293 704 3378 utriusque
725 3295 842 3378 posteri
857 3296 1049 3363 caerimoniis

31 3396 32 3461 ,
48 3380 262 3458 prenderent!
305 3381 395 3460 Mox,
408 3399 450 3445 ne
463 3380 584 3476 honore
597 3380 690 3445 nullo
700 3379 840 3478 Regium
849 3402 953 3469 genus
962 3402 1049 3467 pere-

32 3474 33 3545 l
48 3465 167 3543 grinam
179 3468 311 3551 stirpem
324 3466 532 3544 antecelleret,
546 3464 623 3550 ipsi,
637 3483 736 3548 quarn
750 3467 934 3550 intulerant,
947 3469 1050 3534 scien·

37 3926 42 4017 N

49 3548 87 3610 tit
100 3550 239 3636 hospites
253 3553 376 3618 cessere
388 3572 396 3615 ε
417 3552 541 3615 uotum
555 3550 732 3635 Cinyrades
743 3551 897 3618 Sacerdos
910 3553 1051 3617 consuli·

50 3641 105 3700 tur.
156 3638 286 3719 Hostioe,
308 3636 502 3720 utquisque
523 3635 621 3718 vovit,
646 3636 702 3700 sed
728 3656 830 3701 mares
854 3638 1049 3724 deliguntur.

53 3718 228 3790 Certissima
240 3720 320 3789 fides
334 3722 500 3789 herlerum
513 3720 610 3788 fibris.
653 3721 853 3810 Sanguinem
865 3741 928 3787 are
948 3719 1052 3787 offun-
