2392 4050
104 130 148 196 64
459 132 497 197 0.
514 133 624 198 Coun.
642 131 778 200 Tscrrr
924 132 976 223 [A.
991 134 1033 206 U.
1048 135 1122 203 822.

104 302 150 367 Et
172 305 276 370 aversi
298 303 427 388 repente
449 303 571 369 animi:
593 325 655 370 nec
677 316 782 371 tamen
804 307 913 392 aperti
937 309 990 389 vi;
1014 319 1122 393 aptum

103 398 230 475 tempus
241 390 368 456 insidiis
380 390 496 477 legere.
541 390 710 477 Digressis,
724 391 780 475 qui
794 393 966 458 Pacarium
976 388 1121 479 frequen-

104 476 223 557 tabant,
238 476 347 541 nudus
361 487 393 539 et
407 475 522 541 auxilii
533 477 634 561 inops,
651 477 785 542 balineis
796 479 1008 563 interficitur;
1032 481 1124 546 truci-

104 560 172 626 dati
186 572 218 625 ct
233 562 375 627 comites.
419 562 541 646 Capita,
555 572 592 625 ut
610 561 761 643 hostium,
776 564 836 647 ipsi
850 563 1069 631 interfectores
1083 566 1120 630 ad
1168 571 1169 590 ¹

104 646 269 712 Othonem
285 649 409 715 tulere:
431 667 537 731 neque
551 668 608 711 eos
622 658 679 712 aut
694 649 780 715 Otho
795 651 929 732 praeruio
942 652 1057 733 affecit,
1071 660 1123 716 aut

102 734 232 816 punivit
246 734 405 817 Vitellius,
419 732 456 799 iu
470 733 579 799 multi·
596 736 738 800 colluvie
760 754 869 802 rernm
882 735 1059 819 majoribus
1072 738 1122 803 fla·
1168 781 1169 814 ,

102 819 192 905 gitiis
243 819 388 886 rmixtos.
1089 875 1095 886 .
1168 827 1169 868 ³

146 904 182 970 X
212 905 254 969 11.
276 907 454 989 Aperuerat
463 903 534 986 jam
543 904 681 986 Italiam,
695 908 880 992 bellumque
894 909 1120 989 transmiserat,

39 1057 42 1072 ,
84 999 139 1054 »ut
159 991 256 1073 supra
280 991 540 1070 memoravimus,
563 991 617 1055 ala
641 992 786 1076 Syllana,
809 995 902 1059 nullo
923 994 1011 1076 apud
1025 1015 1121 1079 quen·

61 1071 63 1080 ’
101 1095 201 1158 qnam
214 1076 356 1142 Othonis
370 1074 499 1141 favore:
520 1095 581 1142 nec
604 1076 683 1160 qnia
697 1078 866 1144 Vitellium
890 1081 1046 1163 mallent;
1069 1078 1122 1144 sed
1168 1095 1169 1134 l

103 1162 202 1249 longa
214 1182 279 1246 pax
294 1162 336 1227 ad
350 1181 445 1246 omne
459 1162 629 1228 servitium
648 1162 795 1249 fregerat,
816 1163 926 1231 faciles
940 1166 1122 1248 occupanti-
1168 1141 1169 1236 i

102 1247 164 1311 bns
178 1258 209 1313 et
224 1247 409 1314 melioribus
430 1248 621 1313 incuriosos.
665 1250 947 1316 Florentissimnm
968 1251 1070 1318 ltaliae
1082 1253 1122 1315 la·
1168 1243 1169 1328 ]

103 1343 166 1413 tus,
180 1346 341 1417 qnantum
351 1334 433 1398 inter
445 1330 572 1398 Padum
582 1335 743 1418 Alpesque
754 1356 942 1419 camporum
953 1347 984 1400 et
995 1339 1122 1401 urbium
1168 1347 1169 1376 ³

103 1418 202 1484 armis
215 1419 337 1486 Vitellii
359 1421 513 1503 (namque
535 1432 567 1484 et
588 1420 804 1503 praemiseras
826 1422 955 1489 cecina
978 1422 1122 1487 cohortes

101 1503 314 1592 advenerant)
328 1504 505 1570 tenebatur.
540 1507 643 1588 Capta
654 1505 900 1572 Pannoniorum
910 1508 1027 1571 cohors
1038 1507 1121 1591 apud

105 1591 307 1656 Cremonam.
352 1589 522 1673 Intercepti
544 1601 674 1655 centnm
688 1593 810 1674 equites
832 1613 871 1657 ac
894 1594 983 1657 mille
997 1591 1121 1657 classici

99 1676 184 1741 inter
198 1678 401 1743 Placentiam
414 1675 656 1761 Ticinumqne:
677 1697 743 1760 quo
758 1697 910 1743 successu
926 1679 1118 1744 Vitellianus

101 1762 196 1827 miles
210 1782 276 1827 non
289 1763 358 1845 jam
367 1762 501 1828 flumine
512 1774 568 1826 ant
578 1764 655 1846 ripis
666 1765 841 1828 arcebatur.
885 1765 1033 1829 irritabat
1043 1764 1119 1847 quin

102 1848 200 1913 etiam
215 1850 354 1914 Batavos
378 1849 713 1934 Transrhenanosque
735 1848 843 1913 Padus
858 1848 944 1933 ipse:
966 1870 1066 1932 quem
1079 1868 1121 1912 re-

103 1935 209 2019 pente,
223 1946 336 2000 contra
359 1934 567 2017 Placentiam,
590 1934 787 2016 transgressi,
809 1936 908 2019 raptis
929 1935 1119 2019 quibusdam

101 2021 366 2105 exploratoribus,
380 2022 426 2086 ita
454 2030 576 2085 ceteros
595 2020 748 2101 terruere,
770 2033 817 2102 nt,
840 2021 968 2087 ‘adesse
993 2040 1120 2086 omnem
1169 2036 1170 2091 l

107 2108 243 2174 Caecinae
257 2107 454 2188 exercitum,'
468 2106 583 2189 trepidi
597 2126 636 2169 ac
650 2107 723 2171 falsi
737 2110 933 2173 nuntiarent.

147 2192 271 2257 XVlll.
294 2193 428 2256 Certum
441 2204 508 2256 erat
520 2191 690 2274 Spurinnae
706 2193 746 2280 (is
757 2195 846 2258 enim
860 2191 1062 2258 Placentiam
1072 2193 1119 2257 ob

105 2276 240 2364 tinebat)
261 2277 417 2342 necdum
436 2277 564 2342 venisse
587 2277 763 2359 Caecinam,
781 2289 821 2359 et,
840 2278 868 2343 si
888 2278 1119 2362 propinquaret,

105 2366 253 2429 coercere
266 2363 351 2428 intra
364 2362 566 2431 munimenta
578 2364 722 2446 militem,
738 2383 797 2430 nec
811 2376 875 2429 tres
891 2365 1061 2428 Pretorius
1076 2384 1121 2426 co
1169 2414 1170 2441 ,

104 2450 213 2514 hortas
227 2458 261 2515 et
273 2450 362 2514 mille
377 2449 572 2529 vexillarios
583 2469 659 2514 cnm
671 2450 782 2532 paucis
793 2450 963 2534 equitibus,
972 2461 1119 2515 veterano

104 2536 262 2601 exercitui
276 2534 423 2616 objicere.
467 2535 534 2600 Sed
548 2535 723 2600 indomitus
735 2537 827 2601 miles
841 2547 872 2600 et
887 2536 963 2601 belli
980 2536 1117 2621 ignarus,
1169 2562 1170 2585 r

104 2622 256 2706 correptis
270 2621 372 2707 signis
394 2620 597 2705 vexillisque,
620 2639 721 2702 ruere,
743 2630 774 2685 et
796 2622 947 2686 retinenti
959 2622 1046 2686 Dnci
1060 2621 1118 2686 tela

104 2707 269 2790 intentare,
282 2706 395 2789 spretis
410 2708 659 2772 centurionibus
675 2707 918 2791 Tribunisqne;
939 2707 1020 2791 quin
1035 2713 1117 2789 ‘pro
1169 2700 1170 2765 l

104 2792 269 2869 ditionem,
284 2802 316 2856 et
335 2791 475 2857 accitum
498 2793 679 2874 cecinam?
698 2792 915 2859 clamitabant.
960 2794 1016 2858 Fit
1029 2802 1117 2856 teme·
1169 2796 1170 2839 ἒ

104 2878 207 2944 ritatis
222 2879 334 2945 alicnae
354 2897 462 2943 cornes
477 2878 651 2962 Spurinna,
673 2879 778 2962 primb
792 2890 932 2959 coactus,
948 2899 1025 2942 mox
1038 2877 1115 2941 velle
1169 2884 1170 2955 j

106 2965 272 3047 simulans,
286 2964 352 3050 qud
365 2965 440 3049 plns
454 2966 651 3031 auctoritatis
665 2965 784 3031 inesset
796 2966 951 3047 consiliis,
964 2965 992 3028 si
1012 2961 1117 3029 seditio

106 3051 293 3117 mitesceret.

56 3124 90 3207 ‚⁴
151 3137 244 3204 xlx.
266 3137 442 3223 Postquam
455 3139 491 3203 in
505 3147 680 3221 conspectu
694 3136 803 3201 Padus
817 3146 848 3201 et
866 3157 932 3201 nox
947 3135 1114 3218 appetebat,
1169 3128 1170 3143 ¹

105 3222 221 3288 vallari
233 3234 337 3288 castra
350 3224 481 3308 placuit.
525 3225 558 3288 Is
579 3224 678 3303 labor,
702 3223 826 3288 urbano
848 3223 944 3286 militi
965 3220 1114 3295 insolitus,

106 3307 253 3374 contudit
267 3310 401 3375 animos.
444 3311 536 3374 Turn
556 3308 791 3375 vetustissimus
810 3309 946 3391 quisque
968 3307 1114 3396 castigare
1168 3292 1170 3319 ¹

106 3393 346 3459 ‘credulitatem
360 3415 462 3472 suam,
484 3404 607 3458 metum
618 3415 655 3460 ac
677 3393 858 3459 discrimen'
880 3391 1052 3471 ostendere,
1074 3395 1114 3449 ‘sr
1167 3408 1170 3443 r

106 3496 184 3542 cnrn
197 3478 341 3542 exercitu
357 3479 493 3557 Oaeciua,
509 3480 690 3560 patentibus
711 3479 842 3561 campis,
858 3490 924 3543 tam
938 3496 1056 3562 paucas
1070 3490 1114 3537 co

105 3561 212 3625 hortea
228 3562 505 3626 circumfudisset)
548 3564 685 3647 Jamque
700 3568 773 3628 totis
787 3565 897 3629 castris
913 3563 1045 3629 modesti
1058 3576 1115 3624 ser·
1169 3620 1170 3623 ,

104 3661 224 3725 mones,
248 3654 289 3726 et,
314 3646 528 3712 inserentibus
555 3667 590 3712 se
616 3648 868 3717 Centurionibns
891 3649 1113 3732 Tribunisque,

1168 877 1170 908 l

1168 913 1169 934 l
