2392 4050
103 146 172 215 268
457 147 496 211 G.
512 146 625 213 coam
635 70 780 219 :raom

103 335 186 403 quos
199 335 261 405 ego
274 316 310 383 in
332 316 464 400 iudiciis
487 335 555 382 non
568 325 724 400 utrosque
746 313 843 379 modo
863 315 1011 383 studiose
1024 315 1127 383 audie·

104 404 190 484 bam,
215 401 271 468 sed
293 403 381 468 domi
403 420 532 486 quoque
559 414 591 464 et
615 401 649 464 iu
675 401 808 484 publico
834 403 1028 484 assectabar,
1050 404 1129 467 miri

104 487 288 553 studiorum
302 488 475 571 cupiditate
488 501 521 550 et
533 485 678 571 quodam
692 485 806 550 ardore
825 484 979 567 juvenili,
1004 497 1043 553 ut
1066 489 1128 552 fab

104 573 181 637 ulus
202 591 333 657 quoque
357 590 471 637 eorum
490 579 523 634 et
544 570 778 654 disputationes
799 580 833 632 et
855 589 980 634 areana
1002 583 1128 637 semota

105 655 258 722 dictionis
272 658 400 741 penitus
423 655 629 739 exciperem:
650 655 801 737 quamvis
826 655 972 739 maligne
987 657 1130 739 plerique

104 741 323 825 opinarentur,
347 761 409 807 nec
434 739 586 807 Smundo
609 748 775 822 promtum
795 757 864 802 esse
886 759 1082 821 sermonem,
1101 751 1131 804 et

105 827 234 910 Aprum
247 826 378 912 ingenio
403 826 507 909 potius
520 835 553 888 et
567 824 601 887 ri
614 832 748 902 ustura,
762 823 861 907 quim
883 823 1089 888 institutione
1102 835 1131 888 ct

105 910 216 990 literis,
231 908 352 974 samam
362 907 554 992 eloquentiae
569 918 791 972 consecutum
834 907 921 972 Nam
936 908 1131 973 etSeeundo

104 1011 208 1078 purus
222 1003 254 1056 et
261 1012 397 1143 Χιωωυε
410 1003 451 1073 et,
466 993 501 1057 in
515 1001 677 1075 quantum
699 992 775 1056 satis
789 1001 866 1070 erat,
882 991 1051 1074 profluens
1071 1013 1132 1056 ser-

105 1095 161 1141 mo
182 1095 249 1141 nou

105 1163 330 1227 contemnebat
346 1160 452 1259 potitis
465 1161 584 1242 literas,
604 1162 703 1242 quim
717 1161 879 1226 nesciebat
893 1169 1053 1243 tanquam
1068 1181 1130 1225 ma·

102 1242 207 1326 jurem
221 1246 388 1311 industriae
398 1256 430 1310 et
443 1245 561 1310 laboris
574 1245 714 1329 gloriam
726 1244 906 1325 habiturus,
916 1244 947 1306 si
963 1244 974 1306 i
1041 1245 1132 1310 nium

104 1326 177 1409 ejus
191 1332 292 1395 nullis
303 1330 485 1395 alienarum
495 1329 617 1394 artium
627 1329 834 1393 adminiculis
846 1328 942 1393 inniti
957 1330 992 1392 vi
1053 1340 1129 1393 etur.

148 1413 209 1476 111.
232 1415 346 1499 igitur,
366 1424 405 1478 nt
419 1414 612 1479 intravimus
633 1414 824 1479 cubiculum
847 1413 1000 1494 Materni,
1023 1414 1132 1478 seden-

104 1506 172 1561 tem
185 1496 304 1581 ipmm,
318 1508 360 1580 et,
373 1517 471 1583 quem
484 1499 590 1581 pridie
605 1499 804 1580 recitaverat,
825 1498 947 1564 librum
966 1498 1056 1563 iutra
1069 1518 1132 1564 ma

104 1598 170 1647 nus
183 1582 365 1665 habentem,
379 1583 662 1667 deprehendimus.

149 1666 244 1732 'lum
258 1667 449 1734 Secundus:
471 1667 571 1732 Nilne
585 1679 626 1749 to,
641 1666 757 1750 inquit,
769 1668 925 1749 Materna,
937 1662 1060 1732 fabule
1070 1686 1132 1732 ma·

104 1751 273 1838 lignorum
292 1760 421 1832 terrent,
441 1752 509 1835 qud
529 1751 941 1817 minusoffonssscetonis
957 1751 1130 1816 talamos?

105 1837 161 1903 An
174 1836 247 1902 ideo
260 1837 381 1901 librum
392 1836 494 1901 istum
503 1836 753 1920 apprehendisti,
766 1846 804 1903 ut
813 1835 1004 1921 diligentiis
1019 1848 1130 1900 retrae-

105 1928 199 2002 tares,
214 1930 247 1986 et
259 1920 403 2001 sublatis,
425 1920 453 1984 ai
467 1941 543 2006 quea
559 1940 692 2004 pravam
714 1920 945 2071 interpretandi
968 1921 1129 2019 materiam

34 2035 38 2041 ·
105 2003 275 2087 dederuut,
289 2005 450 2071 emitteres
468 2007 635 2090 Catonem,
649 2024 716 2071 nou
731 2003 788 2090 qui
812 2026 864 2071 eru
877 2005 1058 2088 meliorem,
1075 2004 1128 2086 sel

105 2096 214 2152 tamen
230 2091 446 2156 meurioreml

148 2172 242 2236 Tum
257 2173 334 2239 ille:
356 2176 460 2261 Leges
483 2185 528 2258 tu,
543 2174 624 2258 quid
646 2174 816 2240 Maternus
834 2173 896 2239 sibi
920 2173 1078 2256 debuerit,
1097 2182 1126 2235 et

105 2273 272 2341 agnosces,
282 2275 357 2340 quar
369 2260 496 2324 audisti.
540 2258 757 2342 Qubdsiqua
765 2257 875 2323 omisit
885 2259 979 2340 Cato,
1044 2258 1125 2323 uenti

104 2340 293 2406 recitatione
305 2341 469 2425 Thyestes
479 2343 575 2408 dicet.
619 2343 1017 2426 Haneenimtregoediam
1051 2344 1125 2425 ispo

105 2423 158 2489 sni
169 2424 239 2507 jam
253 2436 285 2490 et
298 2426 384 2490 iutra
396 2445 450 2490 me
468 2428 537 2510 ipse
555 2427 704 2492 formeri.
747 2430 855 2511 Atque
874 2427 949 2491 ideo
970 2436 1127 2492 maturare

106 2508 181 2574 libri
207 2510 308 2608 hujus
332 2511 508 2607 editionem
530 2512 655 2610 festino,
684 2522 723 2575 ut
744 2511 878 2575 dimissi
905 2511 1014 2596 priore
1042 2510 1126 2589 curti,

105 2595 927 2776 Ἵῗεὸωῗρῐὲἑέἓᾶῗὲοἰξὲῖῖιᾞῃέᾱᾘᾞῇᾳῃίί
950 2682 1048 2764 Aper,
1065 2679 1128 2763 qud

104 2766 211 2826 nunus
225 2780 353 2826 omrssrs
367 2772 553 2827 orahonum
566 2772 598 2826 et
612 2780 784 2827 causarum
803 2762 929 2842 studns,
944 2782 1042 2829 omne
1055 2774 1127 2829 tam·

105 2865 168 2931 pus
183 2846 280 2912 modd
291 2845 378 2911 circa
392 2846 551 2928 Medeam,
566 2866 644 2911 ecce
657 2864 748 2910 nuno
761 2845 849 2910 eirca
860 2845 1043 2929 Thyesten,
1057 2867 1126 2914 eon·

105 2932 244 2997 aumasi
265 2933 339 2997 edm
353 2939 400 2996 tot
414 2931 594 3000 amicorum
609 2949 725 3010 caussa,
740 2939 786 2994 tot
800 2930 1006 2996 coloniarum
1018 2944 1050 2996 st
1063 2950 1127 2997 mn-

105 3017 302 3101 nioipiorurn
315 3016 484 3095 clientelae,
496 3015 532 3080 in
546 3014 655 3080 iorum
662 3024 791 3094 vocent,
805 3012 925 3096 quibus
936 3014 997 3079 rix
1007 3015 1127 3080 suffice

105 3118 158 3163 res
179 3101 305 3166 etiamsi
328 3118 395 3165 uon
419 3118 545 3164 novum
558 3099 616 3163 tibi
636 3098 704 3182 ipse
727 3097 896 3183 negotium
918 3098 1124 3195 impertisses,

304 1077 386 1142 suit:
407 1087 441 1141 et
462 1077 559 1160 Aper,
581 1076 748 1142 communi
771 1075 956 1141 eruditione
978 1076 1130 1158 imbutus,
1167 1088 1171 1095 ’

105 3183 290 3250 Domitium
302 3194 335 3250 et
349 3184 517 3264 Catonem,
530 3183 565 3247 id
579 3193 636 3264 est,
651 3193 777 3248 nostras
790 3200 921 3265 quoque
935 3183 1085 3248 bistones
1095 3192 1124 3247 et

105 3266 254 3333 Romana
268 3269 399 3333 nomina
416 3269 609 3332 Graecorum
623 3266 741 3332 fabulis
756 3285 941 3352 aggregare.

147 3352 204 3415 IV.
226 3353 272 3416 Et
287 3353 476 3416 Maternus:
498 3353 708 3416 Perturbarer
721 3352 784 3415 hae
799 3353 856 3415 tuit
869 3350 1049 3432 severitate,
1065 3350 1123 3414 nisi
1175 3335 1176 3396 l

102 3432 255 3513 frequens
269 3453 308 3496 ac
323 3435 454 3497 assidua
467 3436 561 3498 nobis
574 3436 739 3500 eontentio
750 3433 820 3515 jam
834 3442 933 3519 prope
944 3435 980 3499 iu
996 3453 1121 3499 consue

101 3515 249 3578 mdluem
264 3516 419 3580 vertisset.
462 3518 549 3580 Nam
562 3537 624 3582 neo
644 3529 680 3582 tu
695 3521 816 3605 agitare
830 3529 862 3582 et
876 3518 1006 3614 insequi
1020 3523 1120 3602 postas

99 3595 294 3687 intermittis,
305 3607 337 3660 et
346 3616 416 3681 ego,
426 3599 480 3660 cui
489 3599 649 3665 desidiam
659 3602 1121 3685 advocationumobriciaquo·

96 3671 258 3742 drtrauum
271 3679 335 3741 hoc
349 3680 567 3760 patrocinium
583 3682 796 3752 defendendae
812 3688 966 3752 adversis
988 3697 1021 3752 ts
1039 3689 1117 3771 poit-

1174 3801 1176 3854 l
