2392 4050
22 111 34 218 h
80 133 114 201 h.
128 136 166 204 C·
181 127 263 226 69.]’
350 138 499 204 H1ssoa.
514 138 594 203 Lm.
610 139 808 206 Ssonuons.
1043 141 1086 207 tt

77 306 186 375 lisdem
198 308 352 389 tentoriis,
368 309 583 394 eliisratrum,
599 311 655 376 elii
670 312 933 396 propinquorum,
948 311 1087 378 vnlnere

75 391 224 464 fovebant
268 397 350 479 spos
363 405 395 460 et
410 396 540 480 premis
561 397 597 461 in
615 397 780 483 ambiguo:
803 408 898 475 eerta,
919 389 1033 461 sunem
1053 409 1086 463 et

76 483 186 574 luctus.
228 481 299 547 Nec
313 483 484 566 quisquam
497 481 577 550 odeo
592 483 670 548 mali
684 502 809 566 expers,
819 490 931 546 utnon
942 481 1086 565 eliquam

77 568 204 635 mortem
225 578 381 635 moereret.
425 567 628 651 Requisitum
651 568 802 652 Orphidii
824 566 937 649 legati
957 586 1087 651 corpus,

22 719 23 722 ,
76 654 191 719 honore
204 656 300 720 solito
323 665 496 718 crematur:
518 673 639 738 paucos
655 651 827 718 necessarii
841 653 988 738 ipsorum
997 673 1089 739 oepe-

75 740 187 806 livere:
209 752 353 805 ceterum
366 741 486 825 wrlgus
500 757 596 822 super
607 738 747 803 humum
757 740 914 805 relietum.

114 826 230 893 XLVI.
260 825 496 908 Opperiebatur
519 824 607 892 Otho
635 825 788 890 nuntium
812 844 940 910 pugne,
965 823 1086 907 nequi-

74 930 167 995 quam
188 910 341 994 trepidus,
355 921 387 973 et
402 907 529 976 consilii
551 920 676 978 certus:
698 922 812 974 moeata
830 910 970 993 primhm
990 910 1087 992 fama,
1172 939 1173 942 ¹

74 997 143 1062 dein
157 996 319 1083 profugia
340 997 450 1078 prelio
469 994 608 1078 perditas
622 1015 673 1059 res
686 994 891 1079 patefaciunt.
935 996 1011 1061 Non
1030 1016 1088 1061 ex·

74 1082 208 1167 pectavit
226 1082 370 1147 militum
383 1081 477 1145 ardor
499 1101 616 1146 vocem
628 1080 850 1165 Imperatoris:
873 1081 1015 1147 ‘bonum
1029 1081 1089 1146 ha·

22 1217 23 1252 ,
74 1169 142 1233 bere
156 1167 311 1233 animum’
323 1166 497 1249 jubebant:
521 1174 707 1249 ‘superesse
718 1165 825 1232 adhue
836 1186 936 1231 noras
947 1167 1042 1247 vires,
1053 1179 1090 1233 et

22 1255 23 1300 ἰ
73 1252 153 1337 ipsos
166 1264 310 1320 extreme
323 1271 470 1336 passuros
484 1271 684 1335 ausurosque
694 1253 711 1315 ε’
733 1271 836 1340 neque
850 1262 918 1316 erat
932 1253 1086 1320 adulatio.

74 1339 121 1403 Ira
134 1342 168 1405 in
183 1340 294 1419 aciem,
308 1338 448 1402 excitare
467 1337 606 1422 partium
627 1337 797 1419 fortunam,
814 1336 922 1402 furora
943 1337 1087 1421 quodem

22 1427 23 1430 ’
75 1434 103 1489 et
111 1426 265 1490 instinctu
279 1423 475 1521 flagrabant:
496 1423 553 1507 qui
568 1424 680 1506 prooul
694 1421 868 1504 astiterant,
878 1423 1007 1492 endere
1018 1444 1088 1488 ma·

74 1529 140 1595 nus,
152 1523 186 1576 at
199 1512 337 1594 proximi
350 1528 498 1592 prensare
515 1528 642 1594 genua,
664 1508 878 1590 promtissime
892 1505 998 1574 Plotio
1014 1508 1088 1574 Fir·

75 1615 131 1661 mo.
175 1598 207 1663 Is
220 1594 364 1661 Praetorii
378 1594 563 1674 Praeleotus,
579 1592 752 1657 identidem
765 1594 884 1674 orabat,
898 1604 959 1659 ‘ne
970 1594 1088 1658 fidissi·

75 1700 158 1748 mum
182 1681 369 1759 exereitum,
394 1697 436 1743 ne
463 1680 583 1763 optime
609 1679 738 1744 meritos
765 1679 882 1744 milites
906 1679 1085 1744 desereret:

76 1768 189 1850 majore
203 1767 312 1831 animo
325 1764 453 1828 tolerari
478 1766 623 1845 adversa,
645 1765 744 1847 quim
763 1764 921 1847 relinqui:
943 1766 1038 1832 sones
1050 1776 1084 1830 et

74 1865 214 1919 strenuos
227 1852 326 1915 etiam
339 1861 450 1914 eontra
462 1850 626 1915 fortunam
646 1850 791 1914 insistere
805 1850 888 1938 spei3
911 1848 1039 1915 timidos
1052 1862 1085 1915 et

76 1936 204 2024 ignavos
228 1938 270 2003 ad
294 1936 546 2018 desperationem
568 1934 738 2000 formidine
760 1936 947 2018 properare!
987 1936 1088 2006 Quas

76 2022 152 2090 inter
163 2045 267 2105 voees,
280 2034 319 2088 ut
331 2022 462 2088 flexerat
475 2023 603 2087 vultum
618 2031 673 2086 aut
685 2019 894 2087 induraverat
908 2019 1004 2102 Otho,
1019 2022 1085 2086 cla·

77 2127 139 2175 mor
152 2120 185 2175 et
198 2111 346 2197 gemitus.
390 2110 460 2173 Nee
475 2107 661 2173 Pretoriani
674 2109 806 2187 tanthm,
820 2107 969 2192 proprius
983 2108 1086 2173 Otho·

76 2195 121 2261 nis
134 2198 234 2274 miles,
256 2193 313 2258 sed
326 2193 479 2277 premissi
493 2214 512 2258 e
526 2193 649 2273 Moesih,
671 2193 823 2258 ‘eandem
836 2194 1085 2261 obstinationem

77 2280 271 2346 adventantis
285 2279 450 2362 exercitiis,
462 2280 607 2366 legiones
619 2278 801 2363 Aquileiam
812 2278 989 2365 ingressas:
1000 2299 1085 2344 nun-

77 2364 208 2433 tiabunt:
229 2376 267 2430 ut
280 2383 376 2430 nemo
390 2364 512 2430 dubitet
525 2364 665 2449 potuisse
679 2364 827 2429 renovari
844 2365 1084 2477 mlluffltrm,

76 2449 212 2539 lugubre,
227 2454 387 2516 incertum
400 2450 493 2515 vietis
507 2460 538 2516 et
555 2450 739 2516 victoribus.
896 2439 922 2540 Q

116 2538 244 2605 XLVII.
268 2537 339 2621 lpse
353 2555 484 2601 aversus
507 2557 527 2600 e
551 2535 695 2603 consiliis
715 2535 800 2616 belli,
816 2536 953 2616 ‘Hune’
966 2534 1084 2618 inquit,
1132 2572 1137 2581 ·

78 2624 240 2702 ‘animum
252 2623 337 2687 hane
348 2621 501 2686 virtutem
515 2632 655 2686 vestram
669 2622 754 2684 ultre
768 2621 920 2705 perieulis
934 2621 1084 2702 objicere,

79 2706 388 2795 uimisgrandejitge
404 2727 483 2771 mese
519 2706 636 2772 retium
650 2717 737 2791 puto.
781 2707 914 2778 Quanto
928 2707 1001 2789 plus
1012 2706 1081 2789 spei

78 2795 240 2875 ostenditis,
244 2792 422 2894 Μαῖα
446 2803 594 2875 paeeret,
609 2793 696 2857 tnntb
718 2793 842 2876 pulchr'
866 2813 881 2856 r
906 2793 1082 2857 merserit.

80 2875 203 2964 Experti
229 2882 369 2944 invicem
390 2897 512 2958 sumus,
535 2898 595 2961 ego
622 2898 659 2943 ae
686 2813 932 3027 Fortunexnee
954 2888 1084 2960 tempus

79 2965 347 3051 computaveritis:
369 2962 531 3028 difficilius
545 2973 593 3027 est
610 2972 784 3048 temperare
806 2963 836 3027 se
850 2963 956 3042 reitati,
970 2963 1034 3045 qui
1049 2972 1084 3028 te

80 3063 137 3113 non
151 3062 240 3135 putes
262 3050 317 3114 diu
334 3068 480 3113 usurum.
523 3050 628 3112 Civile
650 3049 772 3113 bellum
793 3070 813 3111 a
827 3048 958 3113 Vitellio
974 3049 1082 3132 ooepit,

79 3143 114 3212 el,
128 3146 160 3200 ut
173 3137 212 3201 de
233 3135 420 3218 Principatu
436 3145 628 3198 certaremus
654 3135 760 3213 nimie,
775 3133 904 3198 initium
918 3134 985 3199 illio
997 3134 1080 3200 suit:

80 3232 116 3280 ue
129 3223 296 3306 plusquam
310 3220 407 3285 semel
429 3230 596 3298 certemus,
613 3239 773 3303 penesrme
798 3220 987 3303 exemplum
996 3220 1080 3286 erit:

81 3298 149 3370 hine
162 3309 323 3372 Othonem
337 3305 501 3389 posteritas
517 3306 660 3368 aestimet.
705 3307 845 3370 Fruetur
859 3307 1005 3371 Vitellius
1019 3306 1081 3372 ina-

81 3395 131 3470 tre,
143 3392 285 3477 conjuge,
301 3390 425 3456 liberis:
441 3390 520 3453 mihi
531 3410 596 3454 non
610 3390 739 3470 ultione,
750 3392 1080 3474 nequesolatiisopus

82 3483 131 3537 esl-
169 3479 233 3543 hlii
247 3479 367 3543 diutins
381 3475 558 3558 Imperium
572 3477 751 3541 tenuerint:
774 3488 945 3542 nemetum
957 3476 1078 3543 fortiter

83 3561 237 3643 reliquerit.
280 3566 333 3629 An
347 3582 408 3646 ego
423 3573 547 3626 tantum
569 3561 723 3625 Romane
745 3564 847 3644 pubis,
868 3572 950 3625 tote
1006 3563 1081 3646 glos
1157 3582 1160 3591 ·

84 3648 234 3736 exereitus,
248 3647 349 3715 sterni
363 3667 486 3730 rursus,
499 3657 531 3712 et
541 3646 737 3731 Reipublicae
752 3647 832 3730 eripi
845 3646 969 3731 patiar.
1013 3646 1080 3709 Eat

943 3840 972 3932 b
