2392 4050
137 198 181 264 st
490 200 527 265 Ο.
542 198 654 264 Gonu·
670 196 807 264 'l'acrsr
954 196 1007 285 [A.
1021 196 1059 262 U.
1073 197 1136 263 822.

136 370 182 436 lio
195 390 262 436 uon
277 370 504 437 interfuissent.
548 370 732 455 Aquileiam
754 387 939 455 progressae,
952 370 1137 453 proturbatis,

135 458 247 540 quide
267 458 396 523 Othone
420 457 620 539 nuntiabant,
644 457 854 537 laceratisque
875 457 1015 537 vexillis,
1036 475 1137 521 nomen

145 543 270 609 Vitellii
282 543 532 627 praeferentibus,
547 543 637 627 rapti
652 541 812 626 postremi>
826 542 964 624 pecuniis
979 553 1011 605 et
1024 543 1097 605 inter
1108 559 1137 603 se
1174 597 1175 612 ,

136 626 248 709 divisi,
264 629 420 695 hostiliter
433 640 573 716 egerant.
618 627 712 693 Unde
733 639 846 706 metus,
862 637 948 691 etex
970 639 1057 691 metu
1076 645 1137 690 eou-
1174 695 1175 712 χ

136 713 267 779 silium:
290 722 399 798 ‘posse
414 715 564 801 imputari
579 716 785 798 Vespasiano,
799 731 870 796 qum
886 712 974 795 apud
988 712 1138 777 Vitellium
1174 729 1175 804 ᾗ

136 800 322 864 excusanda
334 802 445 865 erant?
486 802 536 865 Ita
549 810 613 865 tres
626 800 768 864 Moesicae
782 799 924 884 legiones
939 817 996 882 per
1006 798 1137 882 epistolas

136 885 321 951 alliciebant
349 886 576 951 Pannonicum
605 886 791 965 exercitum,
819 894 876 947 aut
903 882 1138 949 abnuentium

135 972 300 1053 parabant.
344 973 383 1036 lu
398 992 437 1036 eo
451 983 541 1035 motu
555 971 704 1055 Aponius
718 969 923 1047 Saturninus,
940 970 1063 1033 Moesiae
1084 987 1138 1031 rec·

135 1067 193 1134 tor,
215 1057 391 1139 pessimum
403 1057 529 1123 facinus
544 1058 649 1137 audet,
662 1056 759 1120 misso
776 1055 974 1120 Centurione
993 1054 1036 1118 ad
1058 1055 1137 1118 inter-

133 1140 310 1207 ficiendum
338 1142 489 1207 'l'ertium
518 1144 696 1221 lulianum,
722 1140 864 1225 septimae
890 1140 1027 1225 legionis
1051 1142 1137 1225 Lega-

134 1235 214 1306 tum,
229 1230 270 1291 ob
284 1228 470 1308 simultates,
485 1229 603 1312 quibus
617 1244 749 1292 causam
768 1224 907 1309 partium
929 1226 1137 1309 praetendebat

75 1347 80 1358 ·
134 1313 295 1394 Julianus,
310 1326 471 1397 comperto
485 1313 680 1394 discrimine,
694 1324 726 1376 et
761 1312 850 1375 naris
868 1312 1016 1375 lucorum
1036 1310 1138 1387 ascitis,

133 1399 277 1480 peraeta
300 1399 433 1479 Moesiae,
457 1401 543 1463 ultra
568 1408 712 1463 montem
770 1417 887 1461 semum
911 1396 1070 1483 profugit:
1088 1415 1137 1459 nec

133 1483 251 1547 deinde
265 1484 354 1548 civili
370 1485 454 1548 bello
476 1484 630 1564 interfuit,
645 1504 701 1569 per
716 1483 822 1547 varias
837 1502 942 1546 moras
965 1492 1138 1565 susceptum

133 1568 175 1632 ad
191 1569 425 1652 Vespasianum
434 1571 494 1635 iter
507 1572 647 1650 trahens,
661 1582 749 1634 etex
759 1568 883 1642 nuntlis
895 1567 1137 1644 cunctabundus,

133 1666 190 1718 eut
203 1659 385 1739 properans

68 1749 69 1752 ’
175 1742 367 1806 LXXXVI.
390 1744 433 1807 At
446 1739 479 1805 in
498 1738 667 1806 Pannonii
689 1737 904 1804 tertiadecima
925 1739 1064 1825 legione
1082 1756 1137 1817 sep

133 1826 213 1892 tima
241 1827 411 1907 Galbiana,
439 1827 583 1891 dolorem
612 1825 755 1909 iramque
785 1807 1006 1889 Bedriacensis
1034 1842 1136 1910 pugne

132 1914 313 1993 retinentes,
328 1913 417 1978 haud
431 1923 618 1977 cunctanter
632 1911 827 1994 Vespasiano
842 1912 1014 1994 accessere,
1027 1913 1060 1976 vi
1073 1929 1137 1993 pre·

132 1999 229 2082 cipua
245 1999 343 2063 Primi
359 1999 502 2065 Antonii.
545 1999 578 2063 Is
592 1997 717 2084 legibus
738 2016 858 2062 nocens
873 2007 904 2061 et
926 2007 1066 2081 ternpore
1087 1994 1136 2060 Ne

24 2088 25 2115 ¹
131 2087 220 2149 runis
241 2085 315 2148 falsi
339 2085 519 2165 damnatus,
544 2084 627 2148 inter
642 2083 707 2146 alia
727 2084 803 2148 belli
827 2086 920 2165 mala,
947 2083 1136 2148 Senatorium

131 2171 277 2234 ordinem
291 2171 529 2253 reciperaverat.
573 2169 767 2252 Praepusitus
781 2189 802 2232 a
823 2170 927 2233 Gslbai
948 2170 1087 2254 septima
1104 2167 1136 2229 le

130 2255 231 2341 gioui,
245 2255 437 2339 scriptitaisse
453 2255 575 2320 Othoni
589 2254 786 2336 credebatur,
802 2255 929 2319 Ducem
950 2274 984 2318 se
1008 2254 1135 2338 partibus

131 2341 285 2406 offerens:
308 2360 406 2424 aquo
420 2343 597 2427 neglectus,
612 2342 646 2404 in
669 2342 761 2406 nullo
787 2340 965 2405 Othoniani
987 2340 1062 2405 belli
1083 2353 1134 2402 risu

130 2425 212 2490 fuit:
245 2426 425 2491 labantibus
454 2427 576 2492 Vitellii
613 2428 717 2508 rebus,
753 2426 987 2511 Vespasianum
1022 2434 1135 2489 secutus

130 2512 252 2598 grande
278 2522 477 2577 momentum
509 2511 650 2594 addidit;
684 2523 836 2576 strenuus
866 2531 976 2591 mauu,
1005 2525 1134 2576 sermons

130 2610 284 2680 promtus,
299 2599 442 2662 serendas
469 2599 503 2663 in
523 2597 604 2662 alios
627 2596 759 2661 invidiae
782 2597 904 2677 artifex,
927 2597 1091 2662 discordiis
1111 2600 1134 2656 et

128 2681 340 2747 seditionibus
362 2692 485 2766 potens,
498 2694 612 2767 raptor,
629 2685 676 2748 lar
698 2684 767 2763 itor,
783 2701 860 2765 pace
882 2683 1049 2765 pessimus,
1064 2680 1134 2746 bello

24 2764 26 2791 ³
129 2788 196 2833 uon
210 2769 418 2852 spernendus.
462 2769 571 2834 Juncti
586 2769 663 2832 inde
715 2768 805 2831 oesici
816 2789 854 2832 ac
869 2769 1049 2832 Pannonici
1060 2780 1133 2832 exer·

129 2855 223 2935 cituS,
240 2854 458 2919 Dalmaticum
473 2855 609 2919 militem
625 2860 760 2934 traxere,
785 2873 971 2938 quanquam
993 2852 1134 2918 Consula-

129 2941 218 3005 ribus
233 2941 363 3028 Egatis
385 2941 468 3004 nihil
491 2941 703 3005 turbantibus.
747 2939 846 3003 Titus
861 2940 998 3022 Ampius
1021 2936 1132 3004 Flavia-

129 3045 193 3090 nus
206 3028 415 3107 Pannoniam,
431 3027 588 3109 Poppaeus
604 3027 759 3092 Silvanus
774 3026 972 3090 Dalmatiam
988 3024 1131 3096 tenebant,

127 3112 244 3176 divites
266 3133 367 3178 senes.
411 3112 476 3179 Sed
490 3113 681 3177 Procurator
695 3110 802 3175 aderat
825 3111 994 3175 Cornelius
1010 3112 1130 3181 Fuscus,

24 3212 25 3219 ¹
128 3198 242 3281 vigens
256 3209 356 3279 aetate,
369 3199 464 3262 claris
475 3199 648 3265 natalibus.
692 3196 800 3263 Prima
812 3195 957 3278 juventa,
968 3196 1079 3280 quietis
1089 3209 1131 3255 cu·

24 3308 26 3320 ’
127 3281 246 3365 pidiue,
269 3285 474 3349 Senatorium
496 3283 645 3349 ordinem
669 3293 823 3348 exuerat:
851 3282 937 3346 idem
957 3301 1017 3366 pro
1042 3272 1130 3344 Galbi

23 3371 27 3461 ᾗ
127 3367 197 3431 dux
219 3370 353 3432 coloniae
374 3389 451 3448 suae,
475 3369 577 3451 eique
599 3371 696 3454 operia
718 3369 980 3433 Procurarionem
1004 3366 1128 3449 adeptas,

24 3468 26 3515 τ
127 3454 283 3532 susceptis
309 3454 496 3535 Vespasiani
525 3456 677 3536 partibus,
705 3455 912 3519 accerrimam
936 3454 1022 3517 bello
1044 3452 1129 3515 facem

24 3541 27 3596 ζ
128 3538 285 3616 praetulit:
307 3556 374 3600 non
388 3547 456 3599 tam
469 3539 609 3619 praemiis
630 3539 857 3621 periculorum,
871 3539 969 3620 quim
994 3538 1070 3621 ipsis
1089 3549 1128 3617 ps

127 3618 239 3681 riculis
255 3621 363 3683 laetus:
386 3640 442 3701 pro
467 3621 562 3683 certis
585 3633 618 3687 et
638 3625 718 3687 olim
744 3624 842 3706 partis
868 3643 961 3703 nova,
985 3622 1127 3706 ambigua

127 3703 280 3786 ancipitia
301 3706 447 3768 malebat.
490 3704 596 3789 Igitur
620 3727 750 3772 movere
773 3720 805 3774 et
827 3717 969 3793 quatere,
994 3698 1128 3792 quiequid
