2392 4050
96 69 138 137 1e
436 70 474 134 0.
489 70 601 135 Cosa.
617 69 754 137 Tacrrr
909 73 961 161 [A.
976 71 1018 138 U.
1033 72 1121 136 822.

93 244 213 395 potunt
236 244 272 308 in
295 241 440 329 periculo
464 260 531 308 non
557 262 706 324 ausurus,
731 244 825 309 nimii
849 245 965 326 verbis,
988 245 1121 332 linguae

106 334 233 396 croces:
255 349 351 397 nemo
372 328 464 409 scire,
480 338 512 392 et
536 348 647 393 omnes
673 330 850 395 affirmare:
872 331 1121 425 dooecxinopia

94 416 174 496 reri,
188 424 220 479 et
234 433 393 480 consensu
408 416 586 480 errantium
600 416 833 496 victusrsamro
845 417 984 498 thorace,
995 418 1120 499 Galba,

98 501 234 566 irruenti
248 502 357 581 turbae,
372 519 477 582 neque
491 511 590 582 aetate,
606 488 1013 593 nequelcarporfflstcns,
1028 504 1120 567 sella

95 587 265 652 levaretur.
309 586 435 651 Obvius
450 587 485 651 in
507 588 625 671 palatio
648 588 756 653 Julius
770 589 905 671 Atticus,
918 590 1120 671 speculator,

96 666 268 739 cruentum
290 671 436 760 gladium
458 682 630 752 ostentans,
654 673 814 738 ‘occisum
838 694 857 737 a
879 695 913 739 se
938 675 1144 739 Othonem’-

95 758 297 823 exclamavit.
342 758 386 822 Et
402 759 516 839 Galba,
532 759 754 839 ‘Commilito,’
765 759 877 841 inquit,
894 761 982 843 ‘quis
988 759 1118 841 jussit?

95 844 217 931 insigni
229 844 337 911 auimo
349 843 390 908 ad
401 845 614 909 coercendam
624 845 794 909 militarem
805 845 976 925 licentiam,
988 846 1123 910 nrinan-

62 1001 66 1010 ¹
95 929 181 992 tibus
195 928 383 1013 intrepidus,
399 930 550 995 adversbs
564 930 763 995 blandientes
777 931 991 1015 incorruptus·

139 1015 301 1081 XXXVI.
324 1015 422 1080 Haud
435 1015 541 1080 dubiae
553 1014 621 1096 jam
634 1017 669 1079 in
683 1015 796 1079 castris
809 1017 957 1081 omnium
967 1029 1094 1081 mentes
1108 1038 1117 1080 :

248 1121 266 1166 e
281 1101 383 1181 ardor,
398 1111 515 1167 utnon
529 1101 670 1166 contenti
685 1101 812 1188 agmine
827 1110 858 1165 et
869 1102 1063 1185 corporibus,
1075 1102 1118 1166 in

4 1109 263 1272 lim,
277 1186 312 1250 in
326 1206 391 1272 quo
404 1188 592 1285 paulbante
616 1206 714 1251 aurea
736 1188 848 1251 Galbae
869 1198 976 1251 statua
996 1186 1116 1268 iuerat,

94 1291 129 1337 m
181 1290 239 1336 um
270 1271 401 1338 intere
458 1293 479 1336 a
509 1274 673 1338 Othonem
702 1272 833 1338 vexillis
862 1273 1117 1338 circumdarent.

95 1357 165 1423 Nec
175 1358 334 1422 Tribunis
343 1368 400 1423 aut
437 1359 661 1425 enturionibus
670 1358 810 1423 adeundi
819 1359 928 1423 locus:
942 1358 1117 1445 gregarius

94 1444 188 1508 miles
197 1444 304 1521 caveri
313 1444 445 1527 insuper
454 1444 640 1532 praepositos
649 1442 791 1524 jubebat.
833 1444 980 1528 Strepere
992 1455 1118 1515 cuncta

93 1529 288 1594 elamoribus
301 1538 332 1594 et
349 1531 492 1595 tumultu
514 1540 546 1593 et
567 1529 788 1596 exhortatione
808 1531 931 1610 mutui,
952 1549 1020 1594 non
1043 1540 1116 1595 tan-

95 1633 195 1698 quam
209 1615 243 1679 in
257 1615 426 1699 populeae
441 1616 542 1699 plebe,
554 1614 653 1679 variis
667 1616 759 1702 segni
770 1615 954 1681 adulatione
964 1614 1115 1696 vocibus,

94 1700 160 1783 sed,
168 1708 205 1763 ut
213 1719 374 1784 quemque
384 1700 587 1767 affluentium
598 1701 740 1766 militnm
750 1711 948 1785 aspexerant,
958 1719 1115 1785 prensare

93 1787 252 1868 manibus,
267 1786 435 1870 complecti
450 1787 556 1869 armis,
570 1787 728 1852 collocare
747 1785 850 1868 juxta,
896 1787 985 1852 raeire
1007 1806 1116 1851 sacra-

95 1882 250 1953 mentum,
266 1872 362 1939 modo
382 1873 609 1957 Imperatorem
623 1873 792 1953 militibus,
807 1893 841 1937 rn
883 1873 902 1937 ὸ
924 1872 1116 1955 Imperatori

94 1958 213 2022 milites
227 1958 460 2028 commendare.
504 1958 573 2023 Nec
590 1956 699 2022 deerat
721 1959 816 2041 Otho,
829 1958 1020 2043 protendens
1043 1977 1112 2021 ma·

95 2062 167 2126 nus,
182 2046 314 2108 adorare
328 2046 475 2130 vulgum,
495 2041 604 2124 jacere
625 2045 744 2124 oscula,
767 2053 798 2108 et
821 2045 931 2108 omnia
954 2042 1116 2108 serviliter

95 2146 152 2210 pro
165 2129 392 2194 dominatione.
436 2129 611 2211 Postquam
631 2131 784 2198 universa
802 2130 1012 2194 classicorum
1025 2130 1114 2214 legio

93 2223 330 2279 sacramentum
343 2214 412 2295 ejus
427 2216 566 2297 accepit;
589 2212 692 2278 fidens
706 2214 840 2295 viribus,
854 2226 895 2296 et,
909 2234 991 2300 quos
1002 2215 1113 2279 adhuc
1177 2239 1186 2250 ·

94 2298 243 2385 singulos
257 2298 519 2389 exstirnuleverat
539 2299 762 2365 accendendos
776 2302 811 2365 in
826 2320 998 2365 commune
1012 2310 1113 2382 ratus,

96 2403 156 2482 ppo
170 2385 258 2449 vallo
273 2394 451 2449 castrorum
464 2383 510 2449 ite
522 2382 638 2468 coepit:
1153 2410 1156 2414 ·

104 2477 113 2500 ³
139 2469 318 2535 XXXVII.
341 2471 448 2542 ‘Quis
473 2468 514 2535 ad
538 2489 598 2533 vos
622 2472 838 2556 processerim,
867 2469 1115 2551 commilitones

94 2555 200 2622 dicere
212 2575 278 2620 non
293 2575 443 2639 possum:
465 2554 544 2640 quia
565 2573 627 2619 nec
649 2557 811 2639 privatum
834 2578 886 2622 rne
901 2576 1017 2622 vocare
1041 2575 1114 2619 sus·

95 2641 190 2722 tineo,
210 2640 362 2725 Princeps
377 2662 398 2704 a
410 2641 502 2705 vobis
516 2642 720 2725 nominatus;
743 2662 804 2707 nec
827 2643 1020 2726 Principem,
1043 2642 1110 2705 alio

95 2727 280 2809 imperante.
324 2728 475 2792 Vestrum
487 2746 617 2811 quoque
638 2723 757 2792 no'nren
772 2729 807 2792 in
829 2728 951 2792 incerto
973 2728 1041 2807 erit,
1056 2726 1114 2790 do·

94 2831 155 2877 nec
170 2811 376 2894 dubitabitur,
392 2813 620 2897 Imperatorem
634 2814 751 2896 Populi
772 2813 911 2879 Romam
932 2812 967 2878 in
988 2812 1112 2895 castris,

95 2918 139 2962 an
152 2898 278 2963 hostem
292 2898 444 2963 habeatis.
487 2898 666 2980 Auditisne,
681 2910 719 2964 ut
732 2918 829 2983 prena
846 2919 918 2970 mea
937 2908 970 2984 et
989 2898 1113 2983 suppli·
1192 2921 1194 2928 ¹

95 2986 185 3049 cium
197 2995 341 3050 vestrum
356 2983 454 3048 simul
475 2985 704 3068 postulentur?
725 2984 806 3049 adeb
827 2984 1033 3049 manifestum
1052 2994 1111 3065 est,
1193 3019 1194 3030 κ

94 3090 201 3155 neque
213 3071 317 3154 perire
331 3090 399 3152 nos,
413 3089 519 3153 neque
532 3072 640 3135 salvos
654 3090 732 3151 esse,
747 3071 810 3146 uisi
824 3070 900 3152 unai,
911 3090 1013 3155 posse.
1056 3069 1110 3153 Et,

95 3157 191 3237 quus
206 3156 345 3221 lenitatis
360 3165 408 3219 est
422 3156 535 3235 Galba,
558 3154 627 3236 jam
648 3155 779 3221 fortasse
801 3157 964 3239 promisit:
985 3164 1023 3220 ut
1045 3155 1113 3239 qui,

95 3242 189 3308 nullo
207 3253 407 3325 exposcente,
423 3250 469 3305 tot
494 3241 598 3305 millia
620 3241 957 3307 innocentissimorum
970 3240 1113 3308 militum

17 3325 1110 3493 ¹-trlltlttlhllthtl{iltnulitetltnttlt

24 3441 49 3496 st*
862 3490 864 3494 .
1000 3461 1008 3493 r
1098 3459 1106 3492 t

24 3511 34 3534 i
92 3496 127 3560 in
136 3496 239 3559 oculis
248 3497 346 3577 urbis,
357 3497 522 3562 decumeri
531 3497 655 3561 deditos
663 3497 797 3580 J'uberet,
808 3518 890 3583 quos
901 3498 1109 3582 deprecantes

92 3580 128 3644 in
142 3579 241 3646 fidem
254 3591 426 3666 acceparat.
469 3582 531 3647 His
541 3582 693 3668 auspiciis
703 3586 818 3652 urbem
828 3584 1000 3672 ingressus,
1010 3604 1109 3669 quam
