2392 4050
64 186 148 253 AG.
164 189 227 279 bil]
349 189 499 254 Hrsroa.
513 187 594 255 era
609 188 788 259 Tsarrus.
872 192 878 205 '
1010 193 1072 258 105

61 359 191 456 padum
204 359 356 441 inserunt,
371 361 465 446 quasi
479 361 661 427 recentibus
674 361 808 427 auxiliis
821 361 931 446 ausu:
953 362 1074 430 rariore

58 465 119 526 Jam
134 446 383 512 Vitellianorum
393 449 470 528 acie,
482 459 519 512 ut
529 467 620 531 quos,
630 449 724 514 nullo
734 458 1074 533 rectoresuusquem·

60 550 120 614 que
140 532 281 617 impetus
302 534 354 599 vel
377 553 478 617 pavor
501 534 703 598 contraheret
724 533 941 599 diduceretva
983 535 1074 600 Post·

58 636 149 699 quam
163 620 331 702 perculsos
353 620 453 684 sensit
467 619 640 698 Antonius,
655 618 756 685 denso
774 622 905 705 agmins
926 620 1074 686 obturbe«

58 701 123 768 bet:
145 704 248 768 laxati
262 703 391 770 ordines
413 705 668 788 abrumpuntur:
690 724 752 771 nec
774 704 911 770 restituti
930 705 1072 789 quivere,

57 787 300 872 impedientibus
309 784 474 855 'vehiculis
489 789 729 873 tormentisque.
773 790 836 855 Per
858 790 994 857 linritem
1010 791 1072 858 viar

56 886 258 961 sparguntur,
273 876 479 941 consectandi
497 874 710 956 festinatione,
724 877 873 948 victores.
917 876 969 943 Ed
982 889 1073 941 nota·

56 958 143 1025 bilior
157 960 262 1026 cedes
275 960 348 1044 fuit,
363 961 440 1044 quia
454 961 542 1026 filius
556 974 681 1046 petrem
701 961 869 1027 intereat
911 962 994 1028 Rem
1015 982 1074 1027 no·

56 1045 212 1130 miroque,
242 1056 372 1125 aucwre
402 1046 555 1132 Vipstano
583 1046 745 1128 Messalla,
772 1047 905 1112 tradam.
961 1048 1072 1114 Julius

54 1129 251 1213 Mansuetus,
274 1153 315 1197 ex
340 1131 509 1216 Hispania,
525 1131 648 1216 Rapaci
673 1134 684 1197 l
729 1132 793 1197 'oni
815 1131 953 1215 additus,
966 1134 1072 1218 impu·

54 1215 120 1281 bern
133 1218 244 1283 filium
257 1216 345 1283 domi
361 1217 515 1301 liquerat:
537 1218 565 1282 is
580 1237 658 1282 mox
671 1153 738 1282 aigi
739 1220 811 1298 ltus,
826 1218 910 1284 inter
923 1219 1072 1301 septime·

54 1318 108 1365 nos
122 1324 142 1366 a
158 1303 266 1368 Galba
276 1303 486 1388 conscriptus,
500 1304 645 1368 oblatum
659 1301 739 1368 forte
753 1315 877 1388 patrem
889 1315 921 1372 et
934 1306 1072 1371 vulnere

54 1397 191 1470 stratum,
207 1389 289 1454 dum
303 1389 525 1453 semianimem
542 1398 712 1470 scrutatur,
801 1389 864 1456 itus
878 1409 1072 1475 agnoscens·

52 1490 109 1553 que
122 1485 155 1538 et
168 1493 372 1560 exsanguem
392 1475 572 1558 amplexus,
586 1494 667 1540 voce
687 1410 989 1560 flebiiiprocabatur
1002 1482 1011 1516 ‘
1022 1476 1070 1560 pi·

53 1565 114 1621 atos
128 1561 228 1643 patris
244 1560 366 1640 Manes,
387 1578 471 1625 neve
492 1579 528 1624 se
551 1569 588 1624 nt
611 1560 805 1644 pmricidam
828 1573 1070 1628 aversarentur:

52 1644 218 1723 publicum
231 1645 265 1710 id
279 1644 427 1729 facinus,
449 1659 481 1710 et
502 1665 608 1712 unum
622 1646 758 1712 militem
775 1657 908 1730 quotam
921 1647 1071 1715 civilium

52 1746 213 1797 armorum
225 1741 349 1816 partem
357 1733 394 1797 3²<
424 1733 533 1798 Simul
548 1732 693 1797 attollere
716 1751 842 1816 corpus,
864 1735 986 1816 aperire
1009 1733 1070 1797 hu·

52 1830 144 1896 mum,
160 1836 313 1901 supremo
333 1837 368 1883 er
389 1840 409 1883 a
428 1829 594 1902 parentem
616 1816 724 1883 officio
745 1815 849 1902 iungi.
892 1817 1070 1882 Advertere

50 1901 195 1983 proximi,
218 1900 336 1989 deinde
350 1839 478 1987 piures:
499 1903 578 1967 hinc
597 1921 655 1985 per
669 1922 800 1967 omnem
813 1903 918 1967 aciem
932 1901 1087 1994 miracu-,⁹

52 1983 114 2051 lum
127 1997 162 2053 et
175 1996 309 2072 questus
323 1999 356 2054 et
369 1988 541 2055 sanissimi
568 1987 643 2054 belli
659 1987 841 2054 execratio:
864 2005 926 2053 nec
947 1987 985 2053 eb
999 2007 1069 2076 sag·

50 2070 336 2159 nibspropinquos,
351 2076 473 2156 affines,
493 2074 606 2141 fratres
631 2073 805 2140 trucidatos
825 2075 983 2160 spoliant:
1004 2072 1069 2141 fec·

50 2164 113 2223 tum
126 2179 198 2224 esse
212 2162 318 2225 scelus
333 2162 511 2245 loquuntur
525 2161 724 2244 faciuntque.

89 2246 210 2311 XXVI.
233 2247 277 2311 Ut
303 2247 498 2313 Cremonam
519 2246 638 2312 venere
660 2265 786 2310 novum
807 2245 1068 2330 immensumque
1145 2301 1147 2304 .

51 2345 124 2411 opus
140 2332 291 2396 occurrit.
335 2333 522 2398 Othoniano
535 2332 631 2412 bello,
647 2331 863 2397 Germanicus
880 2333 975 2398 miles
988 2351 1068 2398 mre·

51 2413 142 2479 uibus
159 2417 428 2482 Cremonensium
452 2432 556 2484 castra
578 2436 648 2499 sua,
663 2416 776 2482 castris
790 2419 916 2484 vallum
930 2418 1068 2483 circum·

47 2497 183 2578 jecerat:
206 2522 307 2586 eaque
331 2503 535 2569 munimenta
558 2522 672 2568 rursus
693 2514 844 2568 auxerat:
864 2522 1005 2587 quorum
1018 2523 1067 2567 as·
1108 2516 1127 2551 ⁴

50 2597 139 2665 pactu
164 2588 286 2653 haesere
310 2589 456 2670 victores,
481 2588 612 2660 incertis
636 2590 792 2669 Ducibus,
816 2589 896 2672 quid
906 2589 1066 2673 juberent·

49 2667 191 2756 Incipere
205 2673 487 2760 oppugnationem,
502 2673 585 2739 fesso
601 2694 656 2757 per
670 2675 758 2740 diem
771 2688 962 2775 noctemque
975 2695 1068 2741 exer·

50 2755 118 2838 citu,
130 2759 280 2841 arduum,
294 2765 335 2838 et,
351 2761 443 2825 nullo
454 2759 548 2842 juxta
561 2759 715 2840 subsidio,
731 2780 868 2844 anceps:
890 2782 941 2826 sin
957 2761 1068 2827 Bedri-

50 2859 140 2909 acum
160 2844 311 2926 redirent,
326 2845 546 2920 intolerandus
569 2855 636 2909 tam
657 2845 749 2931 longi
771 2846 894 2911 itineris
910 2848 1009 2927 labor,
1033 2855 1066 2911 et

49 2927 177 2995 victoria
192 2930 233 2994 sd
247 2930 374 2996 irritum
386 2933 632 2997 revolvebatur:
652 2931 780 2996 munire
794 2933 916 2997 castrat
937 2932 972 2998 id
986 2951 1066 3014 quo·

49 3030 114 3095 que,
128 3016 317 3100 propinquis
339 3016 494 3097 hostibus,
508 3017 762 3097 formidolosum,
789 3036 830 3081 ne
850 3017 1018 3101 dispersos,
1032 3028 1066 3083 e:

49 3115 123 3179 opus
144 3103 311 3167 molientes
334 3101 624 3199 subitgiyruptione
646 3102 822 3167 turbarent.
865 3105 952 3175 Quoe
966 3122 1064 3187 super

49 3196 159 3251 cuncta
173 3188 310 3252 terrebat
324 3186 469 3271 ipsorum
483 3189 586 3270 miles,
602 3186 737 3272 periculi
759 3189 858 3271 quim
872 3208 970 3256 moroe
984 3189 1064 3274 pati-
1166 3232 1168 3240 ‚

49 3270 161 3337 entior:
197 3273 316 3358 quippe
342 3272 477 3359 ingrata,
503 3294 577 3358 quae
602 3285 680 3354 tuta,
706 3291 748 3337 ex
772 3275 947 3341 temeritate
971 3296 1062 3360 spes:

51 3357 209 3506 0ωυίεὲυο
231 3358 337 3430 caedes
355 3370 386 3424 et
401 3362 538 3426 vulnera
558 3370 591 3425 et
612 3359 745 3448 sanguis
770 3360 923 3426 aviditate
945 3362 1062 3445 prede

51 3453 141 3519 pense
162 3455 283 3509 antur:

89 3519 224 3596 XXVII.
247 3530 323 3594 Huc
347 3530 518 3596 inclinavit
539 3531 712 3611 Antonius,
740 3531 908 3619 ‘cingique
933 3532 1061 3597 vallum
1167 3527 1169 3610 ζ

53 3616 167 3680 coronla’
177 3615 292 3697 jussit:
315 3615 419 3697 primb
432 3616 556 3702 sagittis
579 3617 736 3699 saxisque
750 3618 875 3682 eminus
889 3617 1060 3690 certabant,
1167 3634 1169 3692 ἑ

53 3696 160 3781 majore
175 3701 410 3770 Flavianorum
423 3701 574 3785 pernicie,
592 3702 629 3767 in
642 3720 724 3785 quos
740 3703 804 3766 tela
816 3700 953 3781 desuper
968 3696 1062 3762 libra·
1166 3713 1168 3780 3
